3022 5234
127 218 169 278 54
618 217 675 276 Dc
695 211 875 295 legione.

15 414 22 427 ‘
127 403 199 461 vius
215 401 354 464 Flaccus
369 403 506 482 quinque
521 399 606 462 milia
622 398 778 491 peditum,
799 397 1050 482 quadringentos
1065 403 1189 481 equltes
1207 397 1374 480 scriberet,

127 527 262 591 eamque
284 511 442 594 legionem
464 508 565 589 primo
587 526 713 590 quoque
734 516 877 588 tempore
903 507 937 568 in
959 506 1138 571 Sardiniam
1158 504 1376 570 traiiciendam

128 614 288 684 curaret.“
310 619 400 694 (biv.
421 620 549 699 XXIII,
569 616 648 690 Sa).
686 618 791 679 'Anno
811 616 995 680 nxnvffl.
1021 616 1129 697 Scipio
1151 615 1313 696 supplevit
1334 615 1378 677 ita

127 725 209 790 duas
241 728 428 810 „legionem
463 735 497 787 ut
523 725 669 808 singulae
697 742 777 787 sena
803 720 853 800 (ἓ)
882 726 970 787 milia
1001 732 1034 786 et
1063 724 1206 787 ducenos
1237 721 1378 805 pedites,

129 843 326 896 trecenos
348 833 502 896 haberent
523 829 685 915 equit'cs“
727 835 817 909 (biv.
846 834 977 912 XXIX,
1012 834 1089 909 24).
1131 831 1198 894 Sed
1224 831 1378 894 hocloco

131 944 226 1025 quina
245 940 417 1024 legendum
438 960 516 1004 esse
534 945 600 1017 vix,
614 942 733 1007 dubito.
778 942 863 1005 Vide
890 943 984 1005 XLII
991 985 1004 1024 ,
1033 941 1084 1004 31.
1112 949 1145 1003 et
1165 940 1313 1003 Paullum
1338 959 1380 1000 ex
1436 991 1438 997 ⁴

128 1051 228 1114 I'csto
251 1070 278 1114 s.
298 1073 331 1114 v.
356 1055 425 1118 Sex
449 1054 576 1116 milium.
625 1054 720 1115 Anno
748 1054 883 1116 DLXII.
906 1052 1013 1134 „duae
1034 1052 1180 1135 legiones
1204 1049 1379 1124 Romanae,
1419 1086 1424 1095 -

130 1161 212 1222 dirae
234 1161 356 1223 sooium
380 1162 546 1224 collatini
569 1162 704 1224 nominis
725 1168 830 1223 erant:
861 1161 956 1241 quina
982 1160 1067 1223 milia
1090 1167 1123 1220 et
1144 1156 1379 1241 quadringenos

128 1269 275 1352 singulae
296 1268 488 1333 habebunt“
520 1269 612 1348 (biv.
633 1269 811 1349 XXXVII,
832 1267 911 1338 39).
944 1269 1039 1330 Anno
1062 1266 1198 1331 DLXX.
1222 1263 1382 1326 conscribi

128 1377 248 1456 placuit
271 1385 444 1458 „quattuor
466 1379 609 1458 legiones
630 1377 661 1438 in
683 1377 846 1458 Ligures,
876 1377 920 1438 nti
950 1377 1099 1458 singulae
1122 1377 1217 1459 quina
1238 1378 1325 1439 milia
1347 1387 1380 1439 et

133 1486 275 1549 ducenos
295 1486 440 1569 pedites,
463 1495 656 1550 trecenos
677 1483 831 1547 haberent
852 1479 1014 1566 equites.“
1064 1483 1154 1556 (biv.
1182 1485 1265 1564 Xlr,
1302 1485 1330 1550 1.
1350 1493 1384 1547 et

132 1593 209 1672 IS).
242 1595 337 1656 Anno
359 1595 527 1657 DLXXII.
546 1593 614 1675 „de
636 1593 687 1657 Τί.
708 1592 888 1673 Sempronii
909 1591 1024 1653 deinde
1043 1597 1188 1677 exercitu
1201 1602 1381 1658 aotnmest.

2 1723 4 1729 ·
129 1722 245 1765 novam
270 1705 431 1786 legionem
462 1705 491 1764 ei
520 1703 659 1784 quinque
686 1703 806 1764 milium
834 1710 868 1762 et
899 1700 1106 1763 ducentorum
1139 1700 1280 1782 peditum
1307 1720 1380 1764 cum

132 1812 289 1892 equitibus
317 1812 557 1895 quadringentis
587 1812 737 1873 consules
765 1810 904 1872 scribere
931 1810 1043 1872 inssi.“
1085 1810 1180 1884 [biv.
1202 1811 1280 1887 XL,
1304 1810 1382 1885 36.).

129 1908 289 2004 Antiquos
312 1923 446 2006 legionis
470 1941 620 1984 numerus
641 1942 722 1984 anno
745 1922 926 1985 DLXXIII.
950 1930 1095 2002 apparet,
1119 1940 1300 2004 quanquam
1320 1941 1383 1984 non

129 2033 247 2094 iustam
261 2031 388 2109 effecit3
413 2035 531 2094 etenim
548 2033 605 2114 „in
618 2031 945 2113 supplementum
966 2032 1116 2094 consules
1136 2032 1278 2094 scribere
1300 2033 1381 2095 iussi

130 2139 172 2202 ad
188 2139 249 2201 tria
267 2140 352 2202 milia
367 2139 518 2221 peditum,
542 2148 755 2203 trecentos
772 2138 930 2222 equites.“
954 2138 1381 2222 (htv.xn,44.cf.xb111,

138 2248 306 2320 12.)Anno
322 2250 490 2313 DLXXV.
505 2250 556 2325 „in
568 2249 748 2312 Sardiniam
761 2249 845 2313 duae
867 2251 1010 2334 legiones
1026 2251 1123 2312 scribi
1139 2253 1263 2329 iussac3
1285 2249 1382 2333 quina

133 2360 219 2422 milia
234 2360 264 2422 iu
285 2360 431 2441 singulas
452 2368 483 2420 et
497 2359 611 2422 duceni
633 2351 934 2443 pedites,treceni
957 2356 1117 2442 equites.“
1131 2358 1383 2441 (uiuunt)

129 2469 223 2530 Anno
240 2466 400 2531 DLXXV
402 2470 458 2530 III.
469 2469 513 2530 Μ.
527 2467 645 2530 Atilius
669 2476 796 2548 praetor
817 2484 911 2545 „oum
924 2468 1051 2550 legione
1066 2486 1167 2549 nova,
1185 2447 1281 2550 qnam
1302 2488 1383 2531 con-

133 2578 221 2638 sules
233 2577 503 2658 conscripserant,
519 2577 656 2658 quinque
668 2577 793 2639 milibus
804 2576 956 2657 peditum,
978 2567 1189 2640 trecentis
1211 2575 1383 2656 equitibuS,

139 2683 346 2746 incorsicam
369 2687 477 2746 iussus
498 2697 548 2747 est
560 2687 744 2767 transire--¹
755 2688 897 2748 -Duas
906 2699 1073 2768 praeterea
1094 2685 1384 2768 legioncscnusu-

134 2794 182 2854 les
202 2792 345 2871 scribere
367 2793 446 2854 inssi
467 2809 538 2854 curu
559 2794 644 2857 iusto
667 2812 798 2854 numero
820 2792 961 2874 peditum
984 2789 1222 2875 equitumque.“
1268 2792 1382 2870 (XLI,

132 2900 210 2971 21).
230 2901 324 2961 Anno
346 2900 529 2962 DLXXXI.
554 2899 724 2982 „legiones
741 2908 890 2980 quattuor
910 2918 1015 2965 novas
1030 2903 1125 2964 scribi
1140 2899 1269 2985 placuit,
1292 2899 1385 2961 binas

131 3007 268 3090 singulis
298 3009 491 3071 consulibus.
533 3007 571 3069 Id
600 3007 773 3088 praecipue
804 3009 989 3089 provinciae
1019 3009 1232 3072 Macedoniae
1264 3006 1383 3083 datum,

132 3116 235 3198 qnod,
264 3134 359 3197 quum
388 3118 520 3178 alterius
549 3116 689 3178 consulis
708 3117 887 3200 legionibus
911 3119 1007 3199 quina
1026 3121 1113 3182 milia
1134 3123 1166 3177 et
1185 3114 1300 3177 duceni
1321 3132 1384 3196 pe·

129 3223 253 3296 dites*)
290 3241 337 3283 ex
365 3231 512 3283 vetere
539 3223 745 3285 instituto
775 3223 924 3296 darentur
941 3224 972 3285 iu
993 3224 1140 3306 singulas
1160 3223 1324 3304 legiones,
1353 3223 1385 3284 in

130 3331 355 3393 Macedoniam
391 3349 469 3392 sana
499 3332 584 3394 milia
613 3330 755 3411 peditum
784 3328 881 3394 scribi
911 3333 1020 3412 iussa,
1062 3335 1185 3413 equites
1219 3332 1387 3395 treceni

132 3439 307 3518 aequaliter
325 3440 356 3500 in
379 3438 522 3521 singulas
543 3440 718 3523 legiones.“
761 3441 883 3517 (XLII,
906 3439 955 3502 tt.
978 3441 1020 3506 cf.
1041 3440 1121 3520 35.)
1162 3439 1285 3502 Eodem
1300 3458 1384 3502 anno

131 3543 212 3620 „Cn
242 3545 402 3620 Sicinius,
426 3548 495 3628 qui,
525 3549 708 3628 priusquam
738 3552 928 3630 magistratu
958 3551 1078 3632 abiret,
1108 3547 1308 3621 Brundisium
1342 3546 1385 3609 ad

132 3653 270 3715 classem
291 3661 325 3714 ct
346 3653 388 3716 ad
411 3656 587 3717 exercitum
601 3656 797 3743 praemissus
806 3664 897 3739 erat,
919 3658 1061 3720 traiectis
1082 3661 1114 3718 in
1136 3656 1267 3738 Epirum
1288 3656 1385 3739 qnin-

130 3778 194 3841 qne
221 3761 347 3823 milibus
374 3763 530 3844 peditum,
568 3763 772 3825 trecentis
811 3765 985 3846 equitibus,
1024 3764 1065 3826 ad
1093 3762 1321 3846 Nymphaeum
1348 3765 1380 3826 in

129 3871 221 3951 Agro
242 3870 562 3951 Apolloniati‘castra
585 3866 758 3933 habebat.“
788 3873 911 3955 (XLII,
930 3871 1013 3952 eu).
1049 3874 1143 3934 Anno
1161 3872 1384 3949 Duxxxnt,

129 3989 284 4063 „veteres
305 3983 421 4045 milites
442 3981 567 4060 dimitti,
588 3982 632 4042 ita
654 3990 688 4042 ut
707 3980 739 4043 in
755 3983 900 4064 singulas
915 3981 1079 4046 Romanas
1092 3981 1237 4064 legiones
1254 3999 1295 4042 ne
1314 3984 1386 4063 plus

129 4107 209 4152 seua
229 4090 315 4151 milla
336 4088 494 4172 peditum,
522 4093 680 4152 treceni
717 4090 842 4172 equites
871 4097 990 4150 essent.
1012 4088 1115 4151 Alteri
1136 4089 1260 4150 consuli
1280 4088 1386 4150 nullus

134 4204 242 4258 certus
262 4196 368 4258 finitus
389 4213 542 4259 numerus
562 4198 679 4260 civium
702 4198 931 4278 Romanorum,
952 4214 1047 4278 quem
1068 4198 1098 4257 iu
1121 4197 1382 4277 supplementum

130 4305 270 4387 legeret3
300 4304 332 4366 id
361 4304 454 4367 modo
476 4305 614 4388 finitum,
638 4305 681 4369 ud
701 4305 782 4368 duas
803 4306 947 4389 legiones
967 4304 1142 4383 scriberet,
1176 4323 1257 4386 quae
1286 4306 1384 4385 quina

130 4403 214 4475 milia
235 4411 376 4495 pediturn
408 4422 440 4475 et
475 4413 619 4477 ducenos
647 4415 816 4497 haberent,
847 4415 970 4497 equites
999 4422 1254 4478 trecenos-
1278 4450 1318 4459 -
1343 4449 1383 4462 —-

153 4685 183 4740 *l
200 4683 417 4756 Sicsslegendnnq
437 4706 498 4744 non
515 4695 662 4756 equites,
685 4692 755 4755 qnod
772 4693 840 4757 apud
858 4695 1106 4748 Drakenborcbiom
1132 4703 1157 4745 et
1183 4697 1381 4747 Boebmcrtiurn

205 4779 312 4828 ovaum
330 4784 401 4830 orrrtri
419 4786 552 4833 sententia
569 4789 653 4834 caret.
691 4781 693 4785 ⁴
