3022 5234
683 245 735 304 b·
756 242 975 304 conviviis.

788 641 821 727 ‚s
843 645 893 709 aa

691 802 749 855 lle
767 797 972 854 conuiuiis.

288 973 517 1037 Conviviorum
557 971 697 1036 ordinem
733 991 775 1034 ex
806 970 998 1032 carminibus
1031 965 1171 1049 Vergilii
1203 963 1441 1029 describendam

205 1082 366 1164 duximus,
391 1092 541 1162 quantum
563 1102 604 1144 ex
626 1101 689 1142 uno
701 1081 835 1143 Didonis
856 1079 1012 1160 copiosius
1034 1085 1178 1139 enarrate
1200 1073 1361 1157 probabile
1383 1086 1439 1148 est,

203 1191 244 1253 de
266 1211 329 1272 quo
350 1192 535 1254 Macrobius
555 1190 605 1269 ll,
638 1189 671 1250 l:
705 1189 877 1250 „Nostrum
900 1187 960 1248 boo
980 1187 1181 1265 convivium,
1213 1183 1273 1257 ait,
1304 1180 1387 1262 quod
1408 1189 1439 1243 et

202 1300 320 1362 heroici
351 1302 452 1362 seculi
478 1299 660 1381 pudicitiam
690 1305 722 1357 et
751 1295 851 1358 nostri
879 1292 1029 1355 conduxit
1056 1291 1278 1374 elegantiam
1331 1293 1369 1352 ln
1402 1310 1439 1352 eo

62 1489 65 1498 Ι
96 1472 98 1476 ,
201 1408 334 1488 primunr
356 1406 668 1468 animadvertendum
690 1413 755 1485 est,
784 1403 985 1466 discumbere
1006 1421 1135 1483 ornnes,
1163 1421 1252 1464 more
1271 1403 1345 1464 aevi
1368 1404 1437 1464 Au-

201 1521 323 1600 gustei,
345 1536 405 1577 non
427 1524 462 1576 ut
484 1514 568 1595 apud
587 1515 760 1575 Homerum
783 1514 959 1575 considere.
994 1515 1019 1587 1,
1041 1513 1104 1575 697
1111 1533 1119 1574 3

282 1624 362 1686 Oum
383 1629 470 1684 uenit
488 1623 609 1683 uulnera
631 1626 695 1683 iarn
715 1642 751 1682 ae
768 1626 880 1699 repinu
901 1621 1047 1699 superbie

281 1730 392 1792 Aurea
413 1732 608 1806 conposui
614 1735 628 1788 t
646 1731 768 1805 sponda
788 1730 983 1807 mediumque
1002 1728 1131 1805 lbeaoil,·

282 1839 352 1898 Iam
370 1844 463 1916 puter
484 1836 613 1898 Aeneas
634 1844 666 1899 el
683 1842 746 1898 iam
770 1838 907 1899 Troiano
928 1842 1074 1897 iuuentus

281 1945 488 2024 Conveniunt,
509 1951 671 2024 stratoque
691 1966 789 2024 cuper
814 1948 1087 2007 discumbitur·
1114 1953 1208 2006 outre.

200 2049 253 2113 cf.
275 2050 426 2131 picturam
452 2054 638 2115 Vaticanum
659 2055 690 2116 in
712 2055 825 2117 Millin.
847 2055 976 2137 mythol.
1007 2053 1126 2118 Galler.
1148 2055 1227 2117 'ran
1250 2055 1431 2120 cnxxvl.

198 2179 242 2221 nr.
263 2157 367 2222 647ss
389 2162 479 2242 Tyrii
500 2161 578 2224 7083

281 2270 473 2352 Convenere,
494 2275 572 2331 toris
592 2273 675 2332 iuaei
691 2274 951 2336 discumbere
968 2278 1074 2351 pictis.

199 2377 224 2450 1,
250 2375 307 2437 793

435 2478 441 2486 ‘
518 2450 578 2543 ,st
600 2484 663 2542 dos
681 2483 783 2558 epulis
804 2486 1042 2548 adcumbere
1061 2486 1172 2547 dicem.

201 2591 437 2652 decumbentes
459 2592 553 2652 etiam
576 2589 736 2671 cogitandi
757 2599 830 2652 sunt
851 2592 976 2653 Troiani
998 2593 1053 2665 ill,
1075 2593 1153 2657 2243

277 2700 554 2779 Exstruimuaque
573 2706 682 2759 torua
703 2699 896 2779 dapibusque
916 2700 1083 2778 epulamur
1104 2705 1224 2779 opimio.

197 2807 233 2866 ln
256 2821 341 2868 terra
362 2806 560 2867 discumbunt
581 2807 650 2866 sine
671 2804 765 2867 dubio
789 2807 815 2879 Ι,
840 2805 908 2867 173.
932 2825 1002 2889 sqq.
1023 2817 1056 2871 et
1076 2809 1152 2893 Vll,
1178 2809 1247 2876 108.
1262 2828 1332 2894 sqq.
1357 2813 1431 2875 ‘lluo

198 2919 302 2974 tamen
325 2919 454 2972 exstant
474 2911 547 2992 loci,
569 2910 680 2992 quibus
701 2911 906 2974 considentes
928 2923 1097 2996 memorat,
1119 2915 1218 2995 primo
1241 2919 1380 2981 maiores
1400 2920 1428 2980 in

86 3043 94 3064 ι
119 3037 122 3044 ’
198 3019 283 3080 curia
313 3018 418 3079 Latini
440 3026 579 3100 augusta
601 3018 683 3099 Vll,
709 3017 783 3082 1752

280 3128 351 3188 Hae
370 3130 475 3192 auerte
495 3128 611 3187 aedes
632 3127 756 3204 epulia,·
777 3128 830 3186 lrie
851 3131 948 3189 ariete
968 3150 1060 3191 eneam

280 3238 449 3314 Perpetuis
473 3236 558 3296 soliti
574 3241 686 3312 putrer
706 3237 922 3296 considere
942 3243 1068 3299 menois.

39 3408 43 3425 ,
123 3310 141 3395 s
175 3346 350 3421 &ttamen
372 3344 507 3408 Servius
539 3347 600 3405 iarn
628 3342 685 3417 (ci.
713 3343 824 3406 isidor.
846 3345 925 3416 XX,
959 3345 1022 3418 ll.)
1051 3367 1070 3408 e
1097 3346 1242 3410 Varrone
1268 3346 1326 3422 (ci.
1348 3348 1384 3409 ir.
1404 3367 1431 3428 p.

198 3451 268 3516 236.
289 3454 376 3523 249.)
398 3451 519 3526 docuit,
552 3450 687 3512 maiores
708 3451 921 3513 Romanorum
942 3446 1093 3515 sedentes
1112 3455 1257 3534 epulatos
1280 3472 1373 3529 esse,
1402 3464 1432 3515 et

204 3559 297 3623 ‘lvid
319 3560 406 3621 [last.
429 3557 487 3640 Vl,
509 3554 589 3622 3052
1319 3580 1321 3584 ·

283 3664 366 3725 Ante
385 3663 478 3725 iocos
499 3665 571 3728 olim
591 3667 696 3748 longis
717 3669 931 3730 considere
961 3674 1101 3733 scamnis

321 3767 397 3830 Mos
420 3778 488 3832 erat
510 3780 542 3831 et
563 3790 694 3834 mensae
716 3771 846 3834 credere
871 3771 986 3835 adesse
1008 3774 1094 3839 deos.

282 3877 380 3938 Nunc
401 3896 537 3959 quoqne,
559 3896 653 3960 quum
676 3878 753 3939 liunt
774 3881 923 3960 antiquae
945 3899 1037 3943 sacra
1059 3884 1226 3964 Vacunae,

325 3989 412 4046 Ante
433 3986 615 4047 Vacunales
638 3994 787 4066 stantque
807 3987 1021 4068 sedentque
1041 3989 1141 4056 focos,

205 4096 324 4158 Verum
346 4100 504 4155 nonanta
527 4092 713 4154 Vacunales
734 4095 835 4154 solum
864 4093 972 4177 iocoS,
1008 4099 1040 4157 in
1062 4100 1177 4178 templo
1201 4119 1328 4184 quoqne
1349 4106 1434 4169 ller-

202 4205 282 4283 onlis
312 4200 534 4263 lectisternium
563 4217 718 4260 essenon
742 4200 858 4262 licebat
880 4210 1024 4266 monente
1047 4207 1163 4269 Servio
1185 4208 1226 4270 ad
1246 4213 1435 4279 sacrificium

199 4308 275 4372 illud
295 4308 334 4370 ad
356 4328 443 4370 araur
464 4307 631 4369 maximam
655 4309 747 4392 vill,
771 4309 848 4372 176:

410 4416 644 4496 Gramineopue
666 4423 750 4479 eires
767 4419 851 4479 mear
868 4423 938 4497 ipse
950 4422 1057 4481 *aedili

203 4549 256 4608 cui
278 4550 435 4611 consentit
455 4549 636 4611 Macrobius
658 4548 714 4631 lll,
736 4551 775 4615 63
796 4552 888 4613 »Non
902 4563 1006 4624 vacat,
1031 4552 1114 4634 quod
1133 4553 1211 4617 dixit
1232 4559 1344 4639 senil&
1364 4579 1434 4622 nam

160 4680 163 4689 ·
204 4659 328 4736 propria
352 4657 533 4718 observatio
555 4666 614 4732 est,
634 4659 832 4720 iullerculis
854 4665 957 4723 sacris
979 4663 1097 4744 epulari
1117 4665 1280 4748 sedentes,
1303 4675 1337 4729 et
1354 4667 1436 4730 Cor-

205 4766 306 4828 nelius
328 4767 444 4828 Balbus
472 4761 664 4850 ἐξηγηιικών
691 4767 768 4830 libro
794 4769 914 4834 xvm.
944 4774 1005 4848 ait,
1033 4771 1117 4852 apud
1145 4792 1232 4836 marn
1265 4778 1434 4851 maxim
