3022 5234
611 242 665 303 De
700 243 893 303 textrina
1318 241 1381 304 239

130 425 214 487 enim
235 426 394 488 vocabant
415 424 596 507 quasillum,
618 426 671 503 qui
694 425 756 487 alio
777 421 872 486 modo
894 434 1030 486 vocatur
1050 425 1208 508 calathus,
1229 445 1292 488 vas
1309 427 1376 487 uti-

109 556 194 623 vque
222 539 303 618 ipsis
332 535 475 598 lanificiis
504 531 648 615 aptum.“
689 535 773 595 Hinc
800 537 830 596 in
853 535 1027 598 Cataleatis
1051 535 1247 617 l'argiiianis
1270 535 1379 614 1V,9.

131 649 265 728 repetita
287 654 336 706 tet
357 658 424 705 vox
445 643 605 717 Talassio,
631 640 675 724 V,
703 642 757 702 15:

214 754 262 816 ΕΙ
281 757 382 814 inantia
403 758 532 830 repente
553 753 725 812 clamatam
745 770 844 831 super

320 859 473 927 Talassio,
502 860 653 921 Talassio.

213 967 456 1049 Spargebantur
477 969 571 1028 etiam
594 985 703 1030 nunes.
744 967 822 1028 Inde
840 967 953 1048 Eulog.
977 966 1066 1042 vltl,
1085 964 1147 1027 30:

213 1074 342 1155 Sparpe
361 1080 474 1136 marite
499 1094 610 1137 aaaes.
632 1109 634 1113 >

130 1183 184 1244 ubi
207 1183 356 1244 Servius:
401 1182 507 1244 aldem
539 1183 643 1245 Varro
681 1179 929 1263 spargendorum
952 1200 1076 1244 -nuoum
1100 1180 1182 1242 hana
1203 1180 1278 1242 diait
1299 1199 1376 1242 essa

130 1294 296 1371 rationem,
318 1298 354 1351 ut
373 1291 464 1351 lovis
487 1291 591 1351 omine
611 1288 839 1350 matrimonium
862 1288 1050 1365 celebretur,
1074 1299 1109 1350 ut
1125 1296 1377 1370 nuptamatrona

129 1401 182 1477 sit,
203 1400 286 1462 sieut
314 1401 399 1464 luno.
443 1400 527 1460 Nam
550 1415 650 1458 ntroes
671 1398 701 1456 in
723 1395 821 1457 tutela
844 1405 917 1456 sunt
940 1398 1036 1463 Iovis.
1079 1397 1171 1460 Unde
1193 1405 1226 1458 et
1247 1398 1376 1479 iuglan-

131 1508 189 1571 des
211 1516 380 1588 vocantur,
405 1508 495 1588 quasi
518 1506 605 1567 lovis
627 1504 772 1586 glandes.
813 1505 899 1566 Nam
931 1504 1005 1566 illud
1032 1504 1167 1587 vulgara
1195 1520 1265 1586 est,
1298 1504 1372 1565 idoo

129 1617 239 1698 spargi
271 1632 389 1691 truces,
418 1625 454 1676 ut
474 1613 668 1695 rapientibus
691 1613 797 1693 pueris
818 1611 874 1673 fiat
897 1613 1068 1694 strepitus,
1097 1632 1141 1674 na
1162 1616 1288 1692 puellae
1308 1634 1376 1676 vox

130 1723 344 1805 virginitatem
368 1720 553 1801 deponentis
575 1719 827 1799 posunerunt«

214 1855 295 1916 Post
329 1853 455 1934 nuptias
486 1851 598 1912 mulier
635 1849 788 1912 domina
822 1852 1050 1931 appellabatur.
1078 1850 1186 1929 'Quod
1216 1835 1314 1936 poeta
1343 1856 1375 1917 in

129 1961 352 2040 Proserpinam
375 1959 526 2022 transfert
546 1958 608 2040 Vl,
627 1956 705 2020 397:

213 2070 261 2130 Hi
280 2070 439 2127 dominam
460 2070 547 2127 Ditt'a
569 2067 707 2126 tlta'lamo
729 2068 885 2126 deducere
906 2068 1020 2127 adorti.

130 2195 293 2259 Lanifieiis
311 2212 390 2258 vero
411 2195 607 2277 potissimum
630 2193 741 2255 mulier
762 2194 907 2255 Romana
931 2199 999 2253 erat
1021 2203 1190 2275 ooaupata.
1213 2196 1264 2258 Gi.
1283 2198 1375 2274 viii,

131 2303 209 2365 406:

572 2409 654 2471 Com
671 2414 795 2489 festina
813 2413 969 2489 primam,

211 2519 428 2581 cottiarum
449 2517 515 2577 colo
542 2521 638 2577 altam
668 2524 816 2598 tenuique
842 2519 992 2578 Minerva

213 2627 402 2704 Inpositam,
424 2630 562 2686 cinerem
582 2634 614 2686 et
633 2631 751 2704 sopitos
771 2631 907 2687 maottot
925 2633 1021 2704 tynis,

213 2737 347 2796 Noctem
367 2738 488 2796 addens
509 2738 605 2814 operi,
624 2735 830 2816 famulosque
852 2737 895 2794 ad
913 2735 1035 2794 lamina
1057 2732 1149 2810 lonpo

179 2841 183 2849 ’
213 2844 361 2903 Exercet
377 2861 489 2922 peroso,
510 2849 634 2902 castum
657 2849 695 2902 at
713 2862 842 2902 seruare
861 2841 962 2901 cattle

213 2951 367 3030 Coninpis
388 2958 421 3011 et
438 2955 542 3028 possit
557 2944 676 3029 parvos
697 2952 830 3010 edocere
852 2956 955 3009 natos.

698 3193 734 3283 p.
762 3197 813 3263 as.

610 3371 669 3425 lte
687 3369 878 3426 texta-tna.

212 3540 317 3619 Quum
340 3538 424 3619 apud
445 3539 610 3602 Romanos
632 3539 849 3620 antiquissima
871 3547 903 3601 et
924 3539 1148 3602 honestissima
1169 3556 1265 3619 opera
1279 3540 1373 3602 fuerit

128 3651 161 3712 in
182 3649 327 3722 lanificio,
350 3648 444 3711 facile
467 3648 488 3708 ii
509 3647 592 3728 apud
615 3649 788 3710 Homerum
812 3650 874 3711 ioci
892 3668 913 3710 a
935 3658 1030 3729 poeta
1050 3648 1371 3731 poterantadoptari,

129 3757 246 3838 quibus
268 3755 310 3818 da
331 3756 467 3816 textrina
488 3773 594 3817 sermo
624 3763 692 3818 erat
721 3756 893 3817 institutus.
925 3757 1096 3843 ⁸Attamen
1127 3759 1157 3817 in
1187 3759 1371 3821 universum

129 3881 234 3946 panea
256 3863 349 3925 huius
372 3863 506 3944 opitieii,
540 3862 624 3945 quod
653 3862 820 3925 Minervae
848 3862 1005 3944 praesidio
1035 3863 1175 3947 gaudet,
1211 3873 1373 3928 momenta

127 3989 185 4053 per
206 3975 345 4034 earmina
365 3974 551 4054 Vergiliana
572 3981 710 4034 exstant.
753 3970 887 4033 Camilia
907 3980 1043 4033 vocatur
1064 3972 1142 4047 Vll,
1163 3973 1244 4039 805:

212 4084 383 4158 Bellatrtm,
404 4103 468 4143 noo
489 4084 545 4143 illa
567 4084 631 4144 oolo
653 4083 826 4142 calathisve
846 4081 1014 4142 Minervae

211 4187 382 4250 Femineas
402 4192 537 4252 Mando
557 4209 682 4251 manas.

128 4312 262 4374 Femina
281 4311 479 4395 significatur
500 4316 655 4376 tenuioris
674 4315 870 4377 condicionis
892 4317 982 4393 Vnt,
1002 4316 1082 4378 409:

212 4421 275 4482 aaa
294 4422 430 4481 tolerare
451 4421 518 4480 oola
540 4426 636 4482 attam
657 4426 806 4501 tennione
826 4423 977 4486 Minerva

211 4529 401 4606 Inpositam.

128 4635 285 4718 Sergesto
311 4635 355 4716 V,
377 4633 454 4697 284:

211 4742 314 4807 seraa
339 4745 444 4822 datar,
466 4763 595 4824 opetona
615 4745 706 4808 nand
722 4751 837 4826 ignora
857 4751 1033 4812 Minervae.
