3022 5234
195 235 238 297 96
578 238 635 301 De
657 245 887 313 austrorum
910 237 1051 301 forma

195 437 266 481 men
288 436 393 479 rerum
414 417 542 483 babitus
562 418 593 480 in
616 418 759 481 omuibus
780 419 823 481 sit
855 420 1057 499 conspicuus.
1109 417 1204 498 Quae
1225 418 1311 498 apud
1331 419 1437 503 Poly-

197 525 283 589 bium
295 525 429 608 v1,27.,
444 526 616 609 vegetium
632 524 726 602 1,23.
747 526 827 588 alios
849 526 889 588 de
913 546 1021 589 eorum
1043 529 1283 589 construetione
1305 535 1442 592 narrau-

197 645 256 712 tur,
279 637 319 698 ad
345 641 456 718 poesin
478 648 615 721 nostram
639 637 792 719 quadrant
813 640 985 719 aptissime.
1026 641 1102 700 Non
1124 641 1205 701 enim
1228 647 1334 701 mente
1352 638 1439 718 agilo

199 746 317 820 locum,
339 766 400 824 quo
417 748 528 807 Afrum
550 749 653 807 omnia
674 765 783 809 seeum
806 756 981 826 portantem
1004 748 1116 831 pingit,
1141 745 1261 831 Georg.
1278 747 1337 818 ΙΙΙ,
1359 743 1438 806 346:

276 854 352 914 Noa
373 875 468 914 secus
491 876 529 915 ae
548 860 665 932 patriis
685 876 757 916 noer
777 858 943 919 Romanas
964 862 998 917 ia
1020 863 1119 921 armis
1155 916 1158 921 .

276 965 401 1023 Iniusta
424 963 482 1021 aiil
501 965 595 1041 fasee
615 967 696 1022 viam
718 984 787 1024 cam
810 969 921 1044 carpit,
945 973 975 1025 el
996 967 1082 1026 boati
1133 979 1136 984 '

238 1130 240 1136 ,
277 1071 363 1132 Ante
384 1076 602 1145 esspectatam
620 1074 772 1146 positis
793 1079 860 1133 stat
878 1077 912 1132 ia
933 1078 1059 1150 aqmine
1080 1077 1248 1133 eastris.

193 1198 299 1260 neque
328 1197 402 1253 eos,
437 1178 547 1257 quibus
576 1179 732 1239 Troianos
754 1186 861 1240 castra
882 1183 991 1259 fovere
1014 1181 1094 1241 Aen.
1117 1180 1182 1260 lX,
1216 1179 1288 1254 57„
1310 1196 1442 1242 serame

194 1290 253 1364 IX,
274 1287 337 1366 43„
359 1307 483 1346 movere
503 1287 566 1370 111,
589 1286 659 1347 519.
682 1289 740 1363 ΧΙ,
763 1288 834 1349 446.
854 1289 912 1352 ait:
935 1287 992 1349 sed
1013 1290 1127 1369 quibus
1143 1297 1264 1350 eertum
1281 1288 1439 1370 quoddam

193 1396 345 1477 signum⁷
377 1394 472 1454 lixam
502 1394 636 1475 aliquam
658 1398 799 1474 speeiem
823 1404 856 1456 et
877 1398 968 1476 quasi
991 1396 1127 1478 effigiem
1149 1396 1295 1459 delineat.
1344 1397 1438 1477 Quod

192 1521 272 1562 vero
294 1501 462 1563 Vitruvius
483 1519 640 1562 summum
662 1519 788 1582 semper
807 1502 877 1564 fore
899 1512 999 1586 ratus,
1023 1502 1063 1566 ut'
1079 1505 1265 1567 electionem
1286 1516 1439 1588 opportu-

193 1630 302 1672 norum
329 1611 471 1670 locorum
493 1596 725 1688 salubriumque
758 1610 814 1685 (1,
836 1611 864 1670 4.
886 1609 915 1670 7.
939 1610 981 1686 V,
1002 1609 1031 1672 3.
1057 1613 1105 1676 ¹0.
1125 1612 1187 1694 Vl,
1213 1616 1238 1674 l.
1260 1613 1309 1692 ἲ.)
1339 1634 1435 1698 urge·

193 1726 235 1793 at,
261 1718 344 1779 idio
368 1717 481 1779 eastris
503 1715 658 1796 ponendis
680 1716 894 1797 maximopere
916 1727 968 1778 est
979 1718 1198 1799 spectandum.
1242 1720 1350 1798 Quare
1365 1723 1438 1785 Ve-

193 1829 300 1912 getius
322 1829 353 1903 l,
375 1827 429 1889 22:
474 1826 619 1907 „Castra
640 1834 766 1907 autem,
789 1827 898 1906 inquit,
919 1829 1107 1906 praesertim
1127 1827 1222 1889 hoste
1244 1829 1349 1890 visino
1370 1837 1438 1892 tuto

192 1955 318 2017 semper
353 1934 496 1997 facienda
527 1942 601 1995 sunt
633 1936 722 2011 loeo,
753 1937 803 1996 ubi
842 1944 874 1997 et
906 1936 1057 2019 lignorum
1083 1944 1121 1997 'et
1140 1936 1245 2016 pabuli
1268 1946 1301 1999 et
1332 1954 1437 2016 aquae

192 2052 342 2126 suppetat
372 2044 473 2123 eopia.
515 2042 612 2103 Etsi
646 2040 760 2104 diutius
793 2047 1049 2107 commorandum
1082 2050 1125 2107 sit
1133 2089 1144 2128 >
1173 2045 1234 2107 loci
1262 2044 1437 2108 salubritas

193 2151 338 2235 eligetur.
383 2147 570 2211 Cavendum
592 2152 687 2209 etiam
710 2168 750 2208 ne
771 2169 861 2210 mons
883 2150 924 2211 sit
946 2152 1070 2214 vicinus
1093 2153 1206 2228 altior,
1235 2154 1287 2232 qui
1312 2154 1352 2214 ab
1374 2153 1436 2216 ad-

192 2261 345 2321 versariis
379 2271 492 2340 eaptus
523 2260 626 2338 possit
654 2257 816 2319 efficeres
860 2258 952 2335 Quae
976 2269 1081 2321 autern
1104 2260 1172 2322 looa
1196 2262 1354 2323 tutissima
1375 2262 1437 2322 sint

192 2376 225 2436 et
246 2368 469 2448 munitissima,
490 2368 611 2428 Hirtius
634 2369 729 2432 tradit
750 2370 786 2430 B.
810 2371 902 2432 Alex.
923 2371 981 2432 28:
1001 2369 1228 2452 „Consederat
1241 2390 1313 2432 eum
1338 2372 1436 2451 oopiis

190 2497 249 2541 rex
272 2477 343 2538 loco
367 2487 478 2541 natura
501 2480 637 2552 munito,
662 2480 746 2561 quod
767 2490 834 2541 erat
855 2481 924 2558 ipse
945 2480 1119 2559 excelsior,
1148 2481 1277 2560 planitie
1299 2498 1342 2540 ex
1365 2499 1436 2540 om·

190 2585 283 2645 nibus
309 2588 453 2667 partibus
481 2587 642 2662 subiecta,
678 2588 776 2650 tribus
809 2599 916 2650 autem
944 2608 986 2649 ex
1017 2588 1164 2650 lateribus
1191 2587 1290 2650 variis
1316 2608 1436 2672 genere

189 2693 413 2754 munitionibus
433 2695 611 2777 tegebatur.
655 2697 756 2758 Unum
783 2695 865 2755 lalus
887 2703 954 2755 erat
976 2694 1131 2757 adiectum
1165 2694 1324 2756 flumini
1361 2696 1435 2757 Nilo

192 2800 325 2862 alterum
349 2799 582 2862 editissimo
605 2803 693 2863 loeo
715 2801 855 2882 alnetum,
878 2812 913 2864 ut
932 2810 1054 2881 partem
1077 2814 1253 2865 castrorum
1270 2805 1437 2878 obtineret,

192 2908 316 2970 tertium
348 2906 498 2988 palude
532 2907 744 2990 cingebatur.“
792 2908 884 2968 Haec
907 2911 1008 2969 omnia
1028 2914 1061 2971 in
1083 2921 1188 2973 eastra
1210 2915 1263 2974 vel
1286 2912 1435 2992 oppidum

190 3016 230 3078 ab
261 3017 371 3079 Aenea
404 3020 561 3081 condilum
593 3018 764 3080 convenire
799 3017 954 3079 videntur.
997 3019 1075 3081 Ruit
1097 3021 1179 3081 enim
1203 3021 1320 3081 fluvius
1341 3019 1385 3081 ibi
1406 3019 1435 3080 iu

188 3143 284 3186 mare.
328 3124 378 3186 Cf.
402 3127 456 3187 lx.
479 3127 553 3186 467:

269 3234 439 3296 Aeneadae
460 3235 534 3292 dari
554 3250 716 3291 murorum
737 3234 771 3289 ia
790 3238 883 3308 parte
905 3234 1039 3290 sinislra

270 3341 454 3419 Opposnere
475 3345 584 3413 aciem,
609 3370 649 3381 -
670 3358 745 3399 raam
766 3341 900 3399 dextera
921 3342 1060 3412 aiaqitur
1080 3340 1192 3399 amni.

187 3451 223 3510 lu
245 3450 314 3529 ipso
337 3466 414 3507 vero
438 3448 535 3509 lluvio
560 3449 698 3507 classem
719 3446 826 3526 posuit
848 3447 976 3506 Aeneas
998 3445 1057 3523 lx,
1079 3443 1135 3503 69:

271 3557 427 3636 Classem,
451 3574 532 3635 qaae
553 3557 647 3616 lateri
667 3560 846 3614 castrorum
868 3556 1018 3623 adtenuata
1040 3554 1167 3635 latebat,

269 3660 454 3738 Apperibas
475 3668 617 3739 saeptam
640 3665 760 3719 ciream
783 3665 815 3718 et
831 3659 1078 3735 fluvialibus
1097 3659 1228 3719 undis.

186 3768 296 3827 Locus
317 3779 366 3829 est
389 3768 519 3846 editior3
539 3773 574 3827 ia
594 3768 685 3825 litore
706 3765 788 3825 enim
810 3758 903 3842 (Vll,
929 3763 1002 3833 158)
1025 3765 1129 3842 posita
1143 3771 1230 3840 suut3
1252 3760 1435 3839 imminente

185 3883 289 3936 tamen
313 3896 331 3936 e
352 3877 523 3956 longinquo
545 3876 629 3935 silva
650 3892 689 3933 ae
711 3871 807 3948 colle,
830 3872 860 3931 ni
885 3871 992 3949 lallor3
1013 3890 1086 3932 uam
1109 3872 1141 3931 V
1143 3871 1207 3950 lll,
1229 3867 1310 3931 603:

274 3987 373 4046 Hand
390 3986 504 4062 procul
523 3986 598 4044 bino
625 3984 744 4043 Tarcho
770 3987 801 4040 al
825 3983 983 4060 Tyrrheni
1003 3989 1073 4042 tnta
1096 3982 1245 4040 tenebant

268 4091 384 4152 Castra
406 4092 494 4162 loeis,
519 4090 706 4168 celsoque
727 4092 828 4149 omnis
850 4090 895 4147 de
918 4087 1025 4146 ealle
1045 4089 1145 4145 videri

270 4199 342 4257 Iam
359 4203 487 4274 poterat
507 4198 599 4275 leqio,
619 4204 652 4257 et
670 4198 746 4256 latis
768 4196 913 4255 tendebat
935 4198 969 4252 in
991 4197 1087 4253 arvis.

183 4329 246 4390 uisi
274 4330 317 4388 ita
348 4328 526 4410 intelligere
546 4331 662 4410 malis,
698 4329 852 4411 legionem
881 4345 956 4388 esse
978 4327 1111 4387 Aeneae
1131 4325 1355 4406 sociorumque
1379 4346 1436 4407 per

184 4438 312 4519 planum
346 4436 580 4497 advenientium
595 4480 605 4517 ‚
639 4455 719 4518 quae
753 4455 771 4496 a
804 4435 985 4496 'l'arobonte
1014 4435 1249 4514 'l'yrrbenisque
1279 4431 1319 4494 de
1342 4434 1436 4516 nolle,

183 4544 214 4606 id
238 4551 300 4622 est,
324 4542 459 4624 desuper
481 4564 522 4604 ex
544 4545 624 4624 ipsis
647 4544 760 4607 eastris
783 4544 1027 4624 conspiciantur.
1072 4541 1163 4619 Quod
1180 4542 1320 4622 argutius
1342 4559 1436 4621 quam

183 4671 296 4716 verum
319 4652 487 4718 videbitur.
531 4652 639 4712 'lertio
661 4651 742 4711 baeo
764 4651 895 4711 Aeneae
911 4658 1018 4710 castra
1031 4649 1157 4728 pallude
1171 4648 1437 4712 videnturfuisse

181 4761 310 4825 munita.
354 4763 456 4823 Poeta
485 4762 601 4824 sallem
623 4759 663 4822 de
685 4760 794 4822 'l'urno
815 4759 879 4822 huo'
897 4759 970 4822 illuc
991 4758 1134 4840 fugiente
1154 4742 1229 4839 XII,
1250 4756 1330 4821 745:
