3022 5234
126 233 148 296 6
543 229 599 291 De
624 229 713 290 iure
734 227 951 292 condendo.

127 433 221 477 unam
244 414 346 476 solam
367 413 449 474 iuter
470 413 619 474 Latinum
640 413 849 492 Aeneamque
871 427 947 471 esse
973 417 1089 490 poetae
1119 407 1222 473 animo
1254 422 1375 470 conce-

130 535 226 605 ptam.
270 523 373 603 Quam
396 533 500 586 utrum
520 524 552 585 in
581 523 643 585 hoc
661 524 731 602 ipso
753 520 904 602 carmine,
926 519 977 581 cui
998 526 1172 580 extremam
1194 525 1231 580 ut
1252 519 1374 580 scimus

127 655 254 699 manum
275 655 337 697 non
358 633 517 714 imposuit,
540 630 643 693 adhuc
664 629 759 691 fucrit
779 637 1030 711 perpetraturus,
1059 640 1100 690 an
1130 628 1231 691 obiter
1251 635 1375 690 tantum

126 744 266 807 indicare
284 743 430 823 voluerit,
454 741 550 804 certis
574 741 771 822 argumentis
791 739 924 801 arduum
946 741 1007 799 crit
1030 732 1241 809 efficiendum.

710 900 822 1083 na

541 1156 601 1210 lle
619 1155 713 1210 lure
731 1157 957 1212 condendo.

212 1328 342 1406 'l'riplex
366 1326 435 1388 fere
464 1343 539 1388 esse
566 1327 649 1388 solet
679 1328 782 1387 omnis
802 1324 892 1408 regia
923 1328 1081 1406 poteslas.
1131 1324 1268 1387 Constat
1292 1327 1375 1388 enim

129 1435 289 1515 republica
321 1437 561 1517 magistratibus
599 1435 770 1499 ordinanda
799 1435 987 1517 legibusque
1025 1433 1246 1515 temperanda,
1280 1437 1378 1498 armis

130 1542 243 1606 deinde
264 1545 405 1620 tutanda,
427 1544 529 1607 sacris
549 1542 687 1626 denique
712 1566 751 1609 ac
767 1547 926 1629 ¹religione
948 1543 1164 1608 consecranda
1185 1562 1225 1608 ac
1247 1544 1376 1626 pianda.

130 1655 378 1736 Magistratuum
400 1656 587 1716 electionem
609 1655 701 1716 Maro
723 1672 835 1735 parum
857 1652 973 1716 sectari
1002 1652 1114 1735 potuit,
1139 1654 1255 1735 quippe
1276 1672 1373 1734 quum

131 1763 262 1823 Aeneas
291 1763 380 1823 firma
407 1762 544 1824 nondum
565 1762 645 1824 sede
661 1771 750 1824 esset
770 1762 902 1843 potitus,
925 1762 1024 1825 ceteri
1045 1780 1123 1823 vero
1149 1780 1246 1846 reges
1269 1763 1377 1831 maxi,-

130 1888 214 1931 mam
235 1879 355 1951 partem
376 1870 466 1933 bellis
488 1872 712 1935 delinerentur.
736 1874 889 1934 Attamen
912 1894 994 1955 quae
1016 1894 1126 1958 regum
1151 1879 1220 1934 erat
1241 1871 1380 1934 facultas

132 1979 162 2038 rii
186 1977 309 2059 oppidis
331 1979 513 2064 fundamine,
535 1982 566 2043 in
588 1991 702 2043 senatu
729 1980 936 2044 convocando
956 1993 1069 2063 postea
1089 1981 1278 2043 videbimus.
1303 1982 1381 2044 Ma-

131 2086 216 2146 xima
239 2104 348 2146 corum
370 2087 421 2147 vis
442 2095 539 2169 atquo
561 2087 737 2149 arroteritae
759 2089 934 2149 consistere
955 2088 1081 2151 videtur
1102 2093 1135 2150 in
1156 2093 1225 2150 iure
1247 2087 1380 2150 dicendo

134 2193 188 2254 vel
219 2193 325 2273 potius
347 2195 569 2256 condendo.
617 2195 667 2258 Eo
689 2195 770 2257 enim
799 2198 1015 2278 maxImoperc
1038 2184 1198 2260 differunt*
1218 2200 1380 2261 Homerus

130 2311 227 2383 atque
248 2304 420 2386 Vergilius,
445 2312 478 2365 ut
501 2306 555 2366 ille
576 2307 628 2366 ius
650 2304 880 2367 consuetudine
901 2308 1029 2368 iamiam
1052 2315 1083 2368 et
1106 2325 1192 2368 more
1213 2307 1374 2369 sancitum

133 2429 246 2494 regum
270 2411 439 2473 ministerio
463 2411 766 2495 administrari,
791 2414 852 2489 hic,
888 2414 939 2475 ubi
963 2414 1065 2475 nullus
1089 2414 1192 2477 adhuc
1215 2422 1306 2476 extat
1328 2416 1381 2477 le·

133 2534 208 2597 guni
232 2537 410 2581 consensus
432 2538 490 2582 usu
511 2529 670 2603 receptus,
693 2523 794 2602 prima
813 2522 888 2583 iuris
902 2521 1108 2584 fundamenta
1130 2518 1254 2581 condi
1275 2519 1383 2582 faciat.

134 2632 184 2692 lta
204 2630 419 2694 Romanorum
441 2630 575 2714 indolcS,
599 2652 662 2714 qua
683 2633 713 2694 in
733 2632 859 2714 legibus
881 2630 1055 2694 condendis
1087 2648 1165 2712 prae
1185 2628 1255 2689 aliis
1278 2629 1382 2689 omni-

132 2737 192 2798 bus
215 2756 341 2818 semper
363 2739 578 2801 excelluerunt
598 2739 733 2819 populis,
758 2741 853 2819 quasi
875 2758 893 2799 e
915 2738 1047 2819 speculo
1070 2738 1184 2798 clucet.
1229 2732 1382 2795 lodeDi-

136 2842 176 2905 do
199 2845 310 2927 regino
334 2846 360 2927 l,
381 2844 464 2907 507:

215 2972 239 3030 1
243 2989 313 3029 ura
334 2972 454 3031 dabat
472 2972 665 3050 leqeeque
686 2975 763 3030 virio
785 2989 977 3051 operumque
998 2971 1133 3030 laborem

217 3079 369 3138 Partibus
391 3079 546 3157 aequabat
564 3083 658 3139 iustis
680 3087 738 3138 orit
756 3086 841 3139 sorte
862 3079 1016 3139 tradebat.
1118 3065 1120 3069 Α

135 3185 186 3246 ubi
208 3204 271 3245 non
291 3186 393 3246 solum
414 3185 563 3247 iustitiam
577 3204 653 3247 esse
674 3184 933 3264 administratam,
953 3180 1259 3266 sedopcrnq'uoquc
1282 3203 1375 3246 oom-

133 3301 239 3359 munia
248 3298 363 3358 viritim
377 3295 542 3358 distributa
554 3297 716 3361 observes.
740 3294 883 3358 Eandem
906 3293 1074 3374 alloquitur
1096 3292 1227 3354 Aeneas
1250 3293 1275 3366 l,
1295 3289 1385 3354 522:

220 3405 248 3468 0
268 3410 394 3485 rapina,
416 3422 528 3464 novam
549 3405 681 3465 condere
704 3405 847 3481 [iuppiter
868 3402 977 3465 tardem

218 3513 460 3593 Iustitiaque
480 3515 567 3573 dedit
582 3519 695 3590 pentec
712 3515 849 3590 frenare
870 3511 1038 3587 superbae.

133 3621 208 3699 lpse
229 3619 362 3680 Aeneas
384 3618 513 3680 Cretam
534 3616 693 3680 advectus
717 3615 830 3698 oppido
852 3636 938 3678 novo
960 3615 1090 3678 fundato
1115 3613 1175 3692 111,
1201 3610 1275 3675 137:

568 3758 571 3765 .
642 3790 644 3795 ,
725 3727 828 3786 Iura
849 3727 1017 3803 domosque
1038 3710 1160 3782 dabutu.

137 3836 284 3899 Priamus
306 3836 383 3919 Vll,
406 3839 487 3904 246:

218 3951 288 4013 Hoc
321 3952 444 4011 Priami
472 3957 636 4026 qeetumeu
668 3952 750 4025 erat,
781 3962 878 4024 quum
913 3946 1005 4002 iura
1037 3941 1157 4002 vocatis

221 4058 315 4118 More
349 4059 441 4117 daret
466 4056 605 4136 populis,
626 4060 848 4132 sceptrumque
872 4068 1028 4129 sacerque
1055 4052 1166 4110 tiaras.

139 4186 281 4246 Acestes
304 4183 347 4258 V,
369 4181 444 4244 759:

220 4293 400 4370 [adicitque
424 4294 533 4370 forum
554 4295 586 4349 et
607 4288 753 4374 putridus
781 4287 837 4348 dat
869 4289 883 4344 i
890 4304 964 4367 una
999 4286 1127 4344 vocatis.

139 4421 189 4481 ubi
211 4421 340 4481 torum
362 4418 562 4479 indictum
584 4437 603 4477 e
634 4416 780 4478 Romana
800 4409 1036 4479 consuetudine
1056 4416 1177 4473 notato.
1219 4407 1384 4471 Saturnus

140 4527 233 4608 Vlll,
254 4526 329 4590 322:

124 4725 126 4728 Ι
223 4652 259 4710 Ia
283 4669 388 4727 periris
420 4649 554 4709 indocile
582 4667 621 4709 ae
652 4649 833 4726 dispersum
866 4649 1023 4710 ruoutidus
1050 4647 1127 4710 alde

228 4758 426 4838 vorapium,
449 4756 626 4837 lenesque
645 4756 739 4817 dedit.
