3022 5234
608 238 666 302 De
687 239 928 347 funeribua

216 424 357 486 Areodee
378 426 421 484 od
437 429 549 501 portos
569 442 675 503 ruere,
697 430 730 484 et
747 416 790 484 de
815 441 918 484 more
944 429 1097 485 vetereto

210 529 418 593 nunerio·
437 549 576 607 rapuere
591 532 729 610 faeee;
752 529 839 592 lueet
856 535 908 592 ein
928 529 1021 607 lonyo

210 637 330 700 Ordine
348 641 561 718 flammarum,
581 643 615 697 et
633 637 697 697 late
716 637 918 699 dorminut
935 656 1042 714 aeros.

129 746 235 828 Atque
256 765 296 809 eo
319 747 423 826 aptius
445 745 509 809 tale
527 744 622 807 funus
648 743 806 808 videbitur
832 746 1058 824 consideranti,
1083 746 1272 810 acerbum
1292 748 1323 813 h.
1344 748 1365 809 l.

127 852 272 938 indicari,
297 851 381 935 qnod
402 851 442 914 ad
462 852 553 915 saeos
578 860 611 914 et
632 845 747 914 nereos
765 851 842 916 duoi
863 871 906 914 ex
920 855 1048 917 Seneca
1068 855 1186 935 (Epist.
1200 855 1365 926 122.§.10.

128 961 170 1025 de
191 961 349 1041 tranquill.
371 960 464 1023 anim.
487 959 536 1021 11.
557 958 599 1022 de
618 959 732 1022 brevit.
754 960 812 1023 vit.
832 959 884 1023 20.
898 958 965 1034 lin.)
986 969 1179 1043 compertum
1200 961 1365 1028 hebemus.
1483 1008 1487 1019 ·

210 1069 450 1130 lamentatione
473 1076 539 1129 tum
560 1077 691 1148 peraeta
714 1085 811 1147 super
831 1068 971 1130 membra
991 1071 1024 1130 in
1046 1076 1146 1131 torum
1168 1074 1365 1152 reposita-

128 1175 182 1256 qui
204 1184 292 1238 torus
312 1174 468 1238 interdum
489 1173 601 1237 ibonde
622 1173 854 1238 inumbrabatur
875 1183 908 1237 et
931 1174 1058 1237 floribus
1078 1177 1300 1259 spargebatur,
1320 1178 1365 1242 of·

129 1283 187 1358 Vl,
200 1284 274 1346 884.
286 1281 489 1364 xant-71.
508 1305 551 1325 -
572 1281 753 1363 purpureae
771 1293 882 1346 vestes
903 1283 1120 1361 coniiciuntur,
1139 1293 1174 1348 ut
1188 1282 1228 1348 de
1239 1285 1366 1349 Miseno

129 1391 189 1466 Vl,
209 1389 289 1453 220:

209 1501 267 1563 Fit
283 1505 428 1578 amitere.
475 1501 553 1564 ilem
575 1502 712 1563 merabre
733 1506 799 1561 toro
822 1500 935 1577 defleto
955 1504 1120 1576 reponunt,

212 1610 460 1692 Purpureusque
482 1630 580 1689 erepet
598 1617 712 1691 nester,
734 1609 890 1670 velamina
910 1613 994 1682 nota,

214 1718 390 1780 emera.
947 1788 950 1794 ,

129 1821 183 1887 Ad
204 1824 358 1889 Pallantis
377 1844 502 1908 qnoque
522 1825 618 1888 ibone
637 1824 702 1899 Xl,
722 1823 781 1886 72:
838 1903 840 1911 A

215 1933 293 1998 Tum
312 1940 457 2015 yonnae
475 1945 577 1999 eeetee
597 1951 738 2016 aureque
758 1943 905 2017 ostroque
923 1937 1058 2014 moentie

207 2046 343 2108 llorere
360 2044 489 2108 Aeneae
510 2080 551 2091 -
570 2076 612 2092 -

214 2158 340 2218 Herum
362 2175 460 2218 unam
480 2161 587 2217 inveni
604 2175 786 2235 supremam
806 2159 947 2215 moretur
965 2153 1115 2214 bonorem

212 2264 334 2342 Induit,
356 2285 552 2343 arsurasque
575 2273 690 2325 ermae
703 2266 831 2326 obnabd
849 2267 976 2324 amiota.
1160 2342 1163 2346 ι

130 2368 186 2429 ubi
206 2370 275 2431 sine
297 2369 496 2433 dubiorioes
519 2371 571 2432 vei
592 2370 702 2432 rioinia
722 2372 755 2432 in
776 2371 880 2432 animo
901 2368 1009 2432 babuit
1029 2374 1134 2450 poete.
1167 2364 1219 2430 Cf.
1234 2367 1367 2431 l'estnst

132 2476 255 2539 altinae
281 2486 314 2540 et
341 2478 461 2540 riouloe
489 2486 642 2540 vorantur
674 2493 774 2557 parva
802 2477 934 2552 rinion,
966 2483 1001 2538 ot
1026 2475 1153 2557 palliola
1177 2474 1225 2537 ad
1257 2492 1369 2537 uenm

131 2586 282 2666 eapitis
314 2585 431 2648 fama«
474 2583 562 2648 Idem
593 2583 720 2647 Paullus
751 2596 793 2647 ex
814 2584 921 2646 ieeto.
963 2583 1089 2645 Nonius
1109 2600 1136 2644 s.
1158 2601 1191 2644 v.
1211 2581 1369 2646 Rieininm

130 2693 237 2756 laudnt
257 2694 432 2756 Varronem
454 2693 504 2754 lib.
527 2694 550 2753 l.
574 2690 614 2753 de
636 2693 703 2753 vita
725 2693 761 2752 P.
783 2690 823 2753 n.
844 2691 899 2766 (fr.
919 2708 949 2770 p.
972 2689 1078 2762 iim:
1098 2691 1160 2752 elit
1180 2691 1370 2774 quomulie·

130 2819 182 2863 res
204 2803 236 2862 in
257 2800 405 2864 adversis
426 2802 523 2863 rebus
542 2810 578 2864 et
597 2801 746 2883 iactibus,
765 2819 862 2882 qutun
885 2816 1010 2864 ornnem
1031 2803 1185 2865 vestitum
1201 2801 1370 2865 deliootio-

129 2925 193 2968 rem
216 2926 255 2969 ao
279 2907 475 2969 luxoriosum
497 2917 610 2988 postea
632 2908 808 2970 institutum
824 2915 956 2988 ponunt,
974 2905 1083 2970 rioinia
1099 2906 1261 2972 sunnnffl
1283 2908 1371 2974 ldem

130 3016 328 3079 e-al’udm
341 3017 518 3080 Varronem
538 3018 589 3079 lib.
613 3018 669 3080 tlt.
692 3015 732 3079 tle
755 3019 808 3081 vit
832 3018 868 3079 Ρ.
889 3016 929 3080 lt
951 3014 1008 3095 (ir.
1023 3036 1053 3098 p.
1070 3016 1175 3093 elza
1199 3018 1274 3101 »Ut,
1297 3018 1369 3081 dnm

129 3140 227 3202 sopra
245 3131 365 3186 terram
383 3133 514 3208 essent,
540 3127 647 3188 rieinis
678 3127 844 3210 lugerent,
875 3124 986 3187 funere
1005 3126 1089 3206 ipso,
1112 3133 1148 3186 nt
1167 3126 1259 3206 pullis
1279 3127 1371 3208 pallis

129 3226 300 3294 amiotae.“
341 3230 392 3293 cf.
416 3231 484 3293 Cio.
507 3232 571 3314 leg.
594 3235 642 3313 ll,
671 3231 727 3312 23,
748 3231 977 3294 talonibus
998 3230 1116 3293 rieiniis
1138 3232 1276 3314 exlege
1307 3232 1371 3293 Xll

132 3338 322 3430 Tabularum
338 3339 483 3421 loquitur.
506 3341 680 3403 Suetonius
694 3343 734 3404 de
745 3343 857 3402 funere
871 3339 1022 3403 Caesaris
1036 3339 1086 3402 84.
1101 3337 1372 3414 narrotzdleinde

129 3449 275 3511 tibinines
296 3457 329 3509 et
348 3449 467 3510 eueniet
490 3448 648 3524 artifices,
678 3457 823 3528 vestem,
846 3465 941 3530 qnam
963 3466 1005 3508 ex
1027 3447 1236 3508 instrumento
1258 3445 1372 3509 trium·

130 3556 260 3638 phorum
290 3556 331 3619 ad
358 3565 560 3639 praesentem
582 3575 674 3619 usum
696 3556 874 3632 induerant,
910 3556 1083 3618 detractam
1105 3554 1165 3615 sibi
1200 3562 1296 3635 atque
1316 3554 1367 3618 di·

129 3668 279 3745 scissam,
300 3669 437 3731 inieoere
457 3661 638 3729 flammaa“

211 3802 441 3882 exsequiarum
464 3820 543 3862 vero
577 3819 693 3883 pompe
721 3808 809 3860 nerto
842 3795 950 3859 ordine
981 3791 1207 3867 deducebaturt
1240 3792 1372 3857 aderant

129 3909 271 3970 sitieioes
293 3928 351 3971 seu
374 3910 526 3972 tubicines
549 3906 653 3990 (Gell.
672 3907 747 3982 xx,
770 3907 820 3972 21.
844 3908 912 3972 Cio.
935 3907 998 3990 leg.
1013 3905 1098 3987 tt),
1121 3903 1245 3968 undein
1260 3900 1372 3966 benere

131 4019 283 4081 Pallantis
305 4021 365 4101 Xl,
391 4019 466 4082 192:

210 4127 244 4187 It
264 4127 349 4188 eaelo
373 4128 552 4208 clamorque
573 4133 676 4190 tinem
696 4128 943 4206 elanyorqrre
963 4125 1167 4186 tuberum.

130 4233 180 4294 ubi
203 4233 354 4296 Serviust
382 4236 486 4309 „Ante
508 4237 589 4297 enim
612 4235 725 4296 mortni
747 4233 787 4297 od
807 4234 914 4296 tubam
936 4231 1205 4297 deducebantur.“

212 4341 345 4402 Praeter
371 4345 433 4404 alia
461 4346 558 4405 etiarn
588 4343 741 4405 victorum
771 4340 908 4402 hostium
942 4340 1044 4422 spolia
1072 4341 1103 4402 in
1123 4338 1286 4402 funeribus
1307 4335 1370 4400 ad-

128 4448 226 4509 biberi
246 4448 407 4525 solebant,
428 4457 462 4511 ut
484 4466 502 4510 e
524 4450 656 4513 Sueten.
678 4447 970 4512 sassenstein
994 4445 1151 4510 videmus.
1194 4445 1269 4507 lluo
1289 4460 1369 4525 spe-

128 4565 217 4619 etnnt
237 4556 288 4617 itta
308 4556 440 4638 Vergilii
461 4555 492 4617 in
521 4554 632 4616 lunera
661 4553 812 4617 Pallantis
834 4554 892 4630 xl,
912 4552 967 4615 78:

211 4665 381 4746 Multam
394 4671 565 4743 praetereo
586 4664 764 4725 Laurentis
783 4667 924 4740 praernin
942 4681 1071 4741 paenae

212 4775 364 4856 ΛΜΝ,
387 4773 532 4852 etionyo
552 4773 706 4851 praedam
729 4775 819 4835 rubei·
833 4774 944 4834 ordine
964 4771 1044 4832 duri.
