3022 5234
201 263 264 327 224
568 263 626 326 De
658 262 833 327 aedibus
872 261 1070 328 Romanis.

204 447 292 507 Loco
305 445 445 505 ianitoris
465 463 562 526 vero,
583 445 673 508 ouius
696 454 808 526 postea
828 447 945 509 mentio
966 445 1097 528 amplior
1117 449 1178 508 erit
1198 440 1381 521 iniioieoda,
1411 450 1441 512 in

202 550 329 613 aedium
355 549 567 612 Romanarum
595 552 759 635 vestibulo
785 552 839 614 vel
861 552 955 615 oanis
987 550 1117 633 aderat,
1147 546 1203 612 vsi
1231 551 1346 616 saltem
1379 551 1440 616 de-

202 660 316 740 pictus.
349 657 445 737 ¹Nota
476 666 526 720 est
558 679 577 720 e
605 659 755 722 Petronio
782 660 1038 742 Pompeiumque
1064 659 1241 721 lithostroto
1273 661 1443 742 inscriptio

202 767 335 830 GAVE.
356 767 538 845 CANEM„
565 766 679 848 quibus
698 767 910 848 fragmentum
932 766 1034 829 addas
1059 785 1077 829 e
1099 765 1253 828 Varronis
1273 767 1445 830 Eumenid.

202 896 233 957 p.
254 876 330 938 275:
376 875 489 955 »Quod
519 893 558 936 ea
589 874 640 937 die
674 894 746 937 mea
776 859 848 937 erat'
875 877 1047 956 praebitio,
1088 876 1120 937 in
1148 876 1273 937 ianuam
1307 874 1443 941 cnvlt.

203 984 373 1047 GANEM.
400 983 527 1045 insoribi
551 982 675 1043 iubeo«
724 981 877 1044 Evandro
905 982 1068 1065 Vergilius
1097 969 1203 1045 tribuit
1234 983 1315 1046 duos
1344 1000 1445 1046 canas

204 1092 294 1172 Vllt,
319 1091 397 1156 461:

284 1223 354 1283 Neo
371 1239 435 1280 nou
456 1227 488 1280 et
503 1223 623 1297 qemr'm'
643 1222 789 1281 custodes
810 1221 918 1280 limine
938 1223 976 1281 ol
998 1222 1062 1281 ulto

281 1330 484 1393 Praevertunt
500 1347 708 1407 pressumque
726 1345 821 1389 oouss
846 1332 1035 1390 comitantur
1055 1329 1171 1392 erilem.

200 1463 369 1527 Vestibulo
392 1472 486 1543 poeta
507 1462 645 1524 tribuere
663 1462 792 1524 videtur
813 1480 946 1525 avorum
970 1462 1063 1524 etiarn
1086 1463 1242 1544 imagines
1263 1429 1351 1541 Vll,¹
1364 1462 1441 1526 1⁷7:

284 1597 368 1672 Quin
389 1603 482 1659 ettam
504 1603 642 1657 osterum
662 1598 781 1676 efstqies
802 1617 846 1657 sn·
867 1598 976 1657 ordine
1000 1616 1129 1658 ovorum

282 1707 425 1787 Antiqua
445 1727 462 1767 e
483 1708 605 1779 caedra,
627 1706 794 1783 Italusque
814 1710 966 1783 paterque
989 1702 1132 1766 Solinus

289 1802 449 1888 Vitisator,
474 1836 600 1877 curvum
619 1834 754 1876 serenus
773 1816 831 1875 sub
851 1818 988 1891 imupiue
1004 1815 1134 1897 falcem,

281 1923 506 2002 Saturnusque
526 1940 629 1982 seusu
648 1924 784 2001 Iouique
803 1922 950 2002 bifrontis
971 1925 1086 2002 imago,

288 2032 447 2092 Vestibulo
467 2033 644 2106 adstabant,
664 2032 781 2111 ultique
801 2033 840 2091 ob
861 2033 982 2107 oriqiue
1001 2018 1104 2110 repes,

282 2137 466 2217 Martioque
486 2140 522 2198 ob
540 2142 677 2217 putrium
696 2141 868 2217 puquoudo
890 2139 1018 2200 voluero
1036 2140 1137 2217 passi.

200 2270 374 2352 Imagines,
397 2278 520 2330 statuas
541 2272 739 2350 praesertim,
761 2271 914 2333 interdum
938 2271 970 2334 in
990 2269 1149 2333 vestibulo
1171 2269 1273 2332 luisse
1295 2270 1440 2334 videmus

200 2379 319 2442 ePlin.
342 2379 384 2441 N.
407 2378 449 2438 Η.
475 2379 643 2460 XXXlV,
680 2376 734 2439 13:
765 2379 908 2441 rrAnnios
935 2379 1089 2459 Fetialis,
1126 2384 1323 2458 equestrem,
1360 2397 1441 2461 quae

201 2484 295 2546 luerit
318 2474 428 2547 contra
457 2484 544 2545 lovis
577 2484 717 2547 Statoris
744 2485 857 2548 aedem
885 2487 915 2546 in
950 2485 1108 2547 vestibulo
1142 2483 1277 2564 Superbi
1314 2484 1438 2562 domus,

176 2589 351 2652 *Valeriae
373 2591 474 2653 luisse
494 2592 673 2655 Publicolae
694 2594 832 2656 consolis
853 2593 965 2656 filiaeue
1008 2595 1151 2656 luvenal.
1173 2589 1251 2676 Vll,-
1277 2594 1354 2659 125:

362 2724 466 2785 Huius
482 2706 569 2787 'enim
593 2724 752 2806 [Aemilii]
776 2735 841 2788 stat
864 2744 974 2788 ourrus
996 2742 1129 2805 aeneus,
1153 2725 1207 2787 ulti
1248 2748 1250 2751 ·

282 2829 493 2913 Quadriiugos
514 2833 544 2893 in
566 2833 744 2906 vestibulis,
770 2841 866 2913 atque
888 2832 957 2911 ipse
978 2831 1076 2895 lerooi

267 2939 438 3008 ,Bellatore
459 2939 579 3002 sedens
600 2949 765 3002 ourvatum
789 2940 903 3003 hastile
924 2939 1068 3003 minatur.

200 3072 332 3133 Sueton.
353 3073 450 3134 Nero.
472 3070 529 3135 31:
559 3072 779 3135 ”Vestibulum
807 3076 877 3134 eius
901 3070 1035 3151 [aureae
1055 3069 1181 3147 domus]
1202 3069 1280 3152 tuit,
1315 3072 1348 3135 in
1377 3090 1439 3153 quo

199 3186 347 3245 oolossus
378 3191 504 3244 sentum
532 3183 645 3265 viginti
673 3182 786 3265 pedum
815 3189 914 3245 staret
945 3182 1049 3263 ipsius
1079 3181 1216 3264 effigiem
1275 3179 1344 3241 Sed
1377 3178 1440 3241 hae

198 3293 308 3370 partim
332 3311 394 3353 non
417 3299 506 3353 erant
526 3310 658 3353 avorum
679 3290 852 3370 imagines,
882 3291 994 3372 partim
1022 3299 1147 3353 statuae
1175 3289 1328 3373 maiores,
1357 3305 1440 3368 quae

198 3399 322 3459 nonnisi
344 3399 374 3458 in
396 3399 520 3480 magnis
541 3397 705 3461 vestibulis
727 3399 746 3460 i.
768 3418 796 3459 e.
819 3402 904 3460 oreis
927 3398 998 3478 poni
1020 3394 1199 3478 potuerunt.
1242 3394 1337 3474 Quae
1358 3413 1438 3456 vero

197 3505 279 3587 apud
297 3487 473 3589 Vergilium
494 3509 689 3570 nominantur
712 3507 849 3588 effigies,
869 3507 1005 3569 minores
1026 3505 1128 3566 fuisse
1149 3503 1307 3586 videntur,
1332 3521 1437 3585 noque

197 3613 228 3674 in
251 3615 407 3676 vestibulo
430 3615 567 3697 stabant,
589 3614 648 3676 sed
667 3613 826 3676 vestibulo
850 3613 1025 3675 adstabant
1046 3612 1065 3676 i.
1088 3630 1114 3673 e.
1137 3612 1168 3672 in
1187 3631 1226 3673 ea
1246 3618 1337 3692 parte
1359 3611 1440 3687 atrii,

199 3738 281 3799 quae
313 3722 499 3785 vestibulum
530 3724 710 3803 attingeret.
754 3721 909 3784 Audimus
938 3724 1020 3782 euim
1050 3719 1117 3780 tos
1161 3720 1308 3780 Latinum
1336 3719 1439 3799 impe-

197 3845 304 3903 rasse,
332 3838 367 3889 ut
389 3830 519 3890 Aeneas
540 3833 626 3888 intro
653 3834 734 3888 testu
761 3837 945 3904 vocaretur,
980 3825 1031 3888 ubi
1051 3827 1129 3886 sotio
1151 3828 1273 3886 medius
1294 3825 1440 3884 consedit

197 3938 289 3996 avito.
332 3933 425 4011 Quod
448 3936 561 3997 solium
585 3954 781 4016 nequaquam
805 3937 835 3996 in
857 3937 927 4016 ipso
949 3935 1126 4013 vestibulo,
1148 3943 1184 3995 ut
1206 3931 1288 4013 apud
1312 3932 1438 3993 Homo-

197 4060 263 4101 rum
285 4030 374 4122 ἱερός
394 4029 507 4114 κύκλος
528 4051 602 4103 ante
622 4042 757 4124 ianuam,
787 4041 844 4103 sed
866 4043 897 4102 in
918 4043 1011 4103 teotis
1031 4041 1050 4101 i.
1073 4059 1099 4101 e.
1121 4043 1202 4104 atrio
1224 4041 1326 4101 fuisse
1348 4048 1438 4101 oerto

196 4146 355 4209 adfirmari
377 4159 491 4230 potest.
544 4150 710 4231 Vergilius
731 4151 837 4234 igitur,
859 4146 953 4231 quum
975 4153 1005 4213 io
1027 4152 1106 4213 atrio
1127 4144 1259 4212 avorum
1279 4151 1439 4232 imagines

197 4259 343 4340 collocet,
369 4278 486 4320 morem
509 4261 651 4322 servavit
673 4263 756 4322 omni
777 4262 962 4343 antiquitate
983 4261 1127 4325 Romana
1150 4262 1320 4325 sunoitum.v
1355 4259 1436 4322 nudi

196 4367 276 4428 Plin.
297 4367 338 4427 N.
360 4367 402 4427 H.
427 4368 576 4446 XXXV,
603 4370 640 4430 2:
664 4369 784 4429 rrAliter
806 4368 887 4451 apud
909 4372 1045 4433 maiores
1068 4372 1098 4432 in
1121 4371 1208 4432 atriis
1230 4354 1313 4432 hoeo
1336 4375 1439 4447 erant,

196 4493 277 4555 quae
298 4485 534 4558 spectarentur,
566 4496 627 4539 non
648 4477 740 4558 signa
762 4486 962 4541 externorum
986 4477 1160 4556 artificum,
1196 4495 1255 4539 neo
1284 4493 1362 4539 aera
1384 4483 1438 4538 aut

195 4600 365 4657 merrom-a,
391 4586 544 4677 'expressi
581 4603 655 4648 oera
685 4584 792 4645 vultus
822 4586 955 4667 singulis
987 4585 1233 4666 disponebantur
1263 4585 1438 4647 armariisu

201 4691 295 4755 ovid.
318 4693 405 4757 Fast.
429 4695 454 4772 l,
474 4694 552 4756 591:

278 4826 417 4906 Perlege
439 4823 611 4909 dispositas
631 4842 790 4910 generosa
810 4846 867 4909 por
889 4815 969 4890 atria
989 4845 1090 4890 aeras
