3022 5234
133 229 175 292 56
634 235 689 296 De
710 234 882 318 legione.

132 411 270 491 appellat
291 420 323 474 et
336 422 518 476 ‘sexcentos
541 412 645 477 fuisse
667 412 832 484 memorat,
875 419 1040 504 Attamen,
1062 423 1199 507 inquies,
1220 425 1379 508 Polybius

132 517 291 598 legionem
309 529 499 599 vquaternum
523 525 642 587 milium
663 532 740 587 ante
761 529 874 589 oeulos
894 529 1014 609 habuit,
1036 532 1069 591 in
1086 533 1279 611 quamaiore
1302 532 1377 594 fue-

132 633 211 719 runt·
225 628 346 706 plures,
369 636 405 689 ut
426 629 511 710 apud
533 633 693 713 principes
721 642 754 694 ct
780 633 925 696 hastatos
954 635 1257 718 demonstraverim3
1286 641 1379 702 Ver-

132 731 242 814 gilium
264 752 354 816 vero,
377 752 471 816 quum
496 743 590 800 trium
612 747 735 802 tanturn
757 743 878 803 milium
899 745 1005 807 animo
1019 748 1230 827 proposuerit,
1253 755 1380 829 oportet

131 861 297 905 numerum
319 843 473 924 praebeto
493 843 653 905 minorem.
676 845 799 907 Verum
821 848 903 910 enirn
924 863 1004 912 vero
1027 850 1110 913 hane
1129 853 1229 932 ipsam
1247 855 1374 934 opinio-

132 967 204 1009 nem
227 949 347 1011 relutat
365 948 448 1011 idem
470 949 626 1032 Polybius
648 959 675 1025 S.
700 953 750 1014 10.
773 952 979 1028 adfirmando,
1003 955 1087 1018 huuc
1108 978 1273 1021 numerum
1296 978 1380 1022 con-

131 1058 361 1119 stantissimum
383 1077 474 1121 esse:
496 1047 572 1120 ’Edu
594 1055 631 1121 dd
651 1055 786 1134 πλείους
807 1058 870 1123 τῶν
890 1060 1150 1148 τετρακιςχιλίτον
1174 1052 1263 1142 ὦσιν,
1296 1055 1380 1128 sarai

132 1153 225 1247 λόγον
245 1162 415 1228 ποιοῦνται
434 1156 493 1252 τήν
514 1162 683 1253 διαίρεσιν,
703 1158 789 1253 πλήν
809 1167 873 1232 τῶν
900 1166 1072 1256 Τριαρίου·
1105 1161 1279 1247 τούτους
1309 1163 1380 1236 aiei

132 1272 231 1348 ἴσους.
260 1278 375 1360 Pergit
397 1278 561 1363 Vergilius
582 1278 624 1358 x,
650 1277 725 1341 17³:

751 1398 804 1451 ast
822 1392 892 1450 Ilua
912 1398 1117 1475 trecentas

213 1499 340 1579 Insula,
361 1504 569 1564 incadaustis
590 1503 769 1582 Chalybum
788 1522 945 1581 yeuerasa
966 1504 1112 1565 metallis.

133 1604 251 1682 Quaeri
274 1615 393 1689 potest,
421 1628 463 1671 an
484 1611 515 1672 bi
538 1612 634 1673 etiarn
664 1611 706 1673 ad
739 1619 891 1691 expertos
917 1611 989 1672 belli
1017 1611 1152 1673 iuvenes
1184 1615 1379 1694 pertineant.

131 1712 254 1790 Quodsi
276 1721 481 1800 pertinerent,
503 1720 656 1798 nongenti
677 1716 900 1796 efficerentur,
923 1726 1020 1798 atque
1042 1719 1144 1780 omnis
1164 1728 1277 1780 nostra
1298 1723 1378 1780 ratio

128 1843 223 1887 vana.
245 1825 402 1888 Fortasse
423 1835 497 1888 sunt
518 1827 652 1901 velites,
683 1811 911 1909 ypoayoyoiyoe
934 1827 988 1886 vel
1009 1813 1250 1909 γροσφοφόροι,
1295 1846 1376 1909 quos

128 1934 284 2016 Polybius
304 1935 323 1994 l.
347 1934 365 1993 Ι.
383 1941 410 2007 ς.
424 1934 453 1995 7.
474 1923 551 2006 τούς
570 1929 630 2013 μὲν
656 1919 835 2004 νεωτάτους
858 1927 914 1993 καὶ
940 1919 1192 2014 πενιχροτάτους
1214 1934 1377 2014 appellat.

130 2044 295 2124 Ceterum,
319 2045 415 2106 etiam
427 2045 455 2105 si
465 2045 594 2127 singula
613 2044 696 2105 haec
716 2061 821 2103 errore
842 2039 1016 2104 credideris
1031 2041 1194 2125 obstricta,
1216 2042 1374 2105 observes

128 2162 245 2232 tamen,
268 2153 396 2233 saepius
410 2153 439 2213 in
451 2153 586 2237 legionis
598 2152 763 2214 Romanae
784 2150 980 2213 institutione
1001 2149 1084 2231 apud
1101 2150 1227 2212 bivium
1237 2151 1332 2231 Vlll,
1345 2152 1375 2213 8.

126 2263 525 2322 οοιυοτοιοῑτοοοοίοῐοῐο
549 2267 582 2321 et
611 2267 837 2320 sexcentorum
860 2275 1049 2318 occurreres
1081 2254 1270 2334 Quindecim
1294 2239 1376 2318 enim

127 2367 290 2448 manipuli,
313 2384 409 2447 quum
431 2367 608 2448 manipulus
624 2369 757 2429 vicenos
778 2366 893 2428 milites
916 2365 1092 2438 contineat,
1114 2370 1292 2443 trecentos,
1316 2364 1375 2426 tri-

15 2548 17 2552 ,
128 2474 217 2555 ginta
239 2483 415 2537 sexcentos
437 2473 588 2537 efficiunt.
611 2475 680 2538 Fac
702 2474 811 2556 igitur,
836 2480 868 2533 et
889 2480 1030 2533 nostram
1048 2471 1158 2532 horum
1171 2489 1373 2534 numerorum

128 2584 385 2647 observationem
410 2586 525 2646 falsam
548 2603 642 2660 esse,
668 2585 781 2667 quodsi
804 2582 835 2644 id
865 2591 987 2645 tanturn
1013 2583 1211 2663 peregerim,
1240 2591 1274 2644 ut
1295 2585 1377 2646 sub-

128 2691 232 2752 tiliora
252 2691 306 2752 bie
325 2692 462 2753 subesse
490 2691 703 2753 intellexerint
734 2682 872 2771 Vergilii
896 2689 1051 2765 lectores,
1072 2697 1264 2769 poetamque
1293 2691 1374 2752 alios

129 2796 269 2858 fortasse
290 2799 432 2861 calculos
455 2798 648 2874 condidisse,
669 2805 955 2880 quantumcumque
977 2796 1017 2858 du
1039 2796 1119 2858 meis
1147 2797 1386 2861 circumcidant·

129 2913 224 2986 atque
246 2915 424 2985 amputent:
446 2909 474 2969 si
495 2927 557 2968 nou
579 2907 683 2969 omnia
705 2906 778 2967 milri
800 2915 957 2983 evertant,
980 2914 1149 2968 contentus
1171 2924 1234 2969 ero.

214 3013 344 3092 Triplex
365 3014 464 3095 igitur
486 3018 574 3076 acics
589 3019 628 3081 ¹in
647 3014 706 3076 illis
730 3014 874 3076 Maronis
895 3013 1044 3078 versibus
1065 3013 1158 3075 nobis
1179 3021 1231 3074 est
1253 3032 1374 3096 propo-

129 3126 201 3184 sita.
226 3118 334 3200 Quid?
357 3121 474 3181 Nonne
496 3118 528 3181 id
549 3118 754 3181 confirmatur
777 3120 836 3200 IX,
859 3119 917 3181 25:

213 3232 346 3308 Iamque
367 3231 468 3288 amuis
488 3231 609 3305 abrupis
631 3231 795 3287 eseroitus
815 3204 881 3288 idat
901 3231 1030 3306 apertas,

212 3341 311 3400 Dives
334 3357 436 3415 earam,
457 3338 543 3396 diues
560 3339 662 3413 pictai
680 3340 777 3396 vestis
800 3341 833 3395 et
855 3340 946 3414 auri,

211 3445 387 3523 Messapus
408 3447 477 3522 pri
484 3464 567 3504 ruas
589 3449 682 3517 aries,
702 3450 911 3522 postrema
933 3451 1087 3506 coercent

217 3552 394 3631 Tyrrhidae
415 3557 559 3630 iuuenes3
580 3554 668 3612 med
675 3556 713 3612 ia
735 3554 805 3612 due*
828 3557 953 3630 aymiue
978 3554 1115 3614 turnus.

127 3679 200 3739 Nisi
222 3695 273 3739 me
295 3678 398 3738 omnia
416 3676 541 3759 fallunt,
559 3676 617 3740 hic
640 3676 717 3738 ordo
740 3695 760 3738 a
779 3678 907 3759 legione
921 3677 1068 3742 Romana
1081 3684 1131 3739 est
1152 3677 1376 3760 depromptus,

127 3789 220 3865 isque
248 3793 363 3863 poetae
391 3787 489 3844 menti
519 3783 723 3855 obversatur,
760 3781 885 3862 quoties
917 3787 1054 3860 primam
1078 3790 1152 3843 aute
1172 3787 1271 3844 aciem
1309 3784 1381 3848 lieri

127 3891 244 3972 aliquid
265 3889 339 3953 dicit
361 3909 392 3950 v.
402 3909 434 3972 g.
444 3891 501 3971 IX,
523 3892 594 3953 595.
614 3891 658 3971 X,
679 3889 754 3951 643.
774 3889 849 3972 Vll,
866 3888 938 3952 531.
960 3891 1134 3974 V111,561.
1159 3889 1289 3973 Triplex
1312 3888 1376 3951 de·

126 3999 222 4081 nique
244 3999 330 4062 acies
351 3999 501 4082 distingui
522 4004 640 4078 potest,
662 3997 801 4078 legionis
814 3998 1002 4060 Aeneadum
1026 3998 1165 4062 vallis'in
1182 3998 1297 4080 oppido
1311 4014 1372 4060 suo

129 4108 285 4170 obsessae
314 4107 357 4186 X,
381 4107 453 4169 123:

149 4236 191 4323 1)
212 4241 313 4303 Asius
333 4244 527 4304 Imbrasides
549 4243 822 4321 Hicetaoniusque
847 4240 1030 4319 Thymoetes
1219 4306 1228 4324 ι

210 4347 431 4430 Assaracique
453 4351 514 4429 duo
535 4355 567 4408 et
586 4354 693 4408 senior
712 4360 785 4408 aum
807 4347 941 4409 Gustare
965 4348 1145 4428 Thymbras,
1200 4397 1205 4406 .
1229 4340 1238 4356 ⁸

136 4471 139 4475 ’
211 4462 352 4522 Prima
372 4462 491 4519 acies.
533 4451 580 4538 2)
602 4458 673 4518 Hos
695 4459 844 4533 yermam'
864 4455 1061 4535 Sarpedonis
1082 4443 1182 4539 ambo,

211 4565 260 4624 Et
280 4564 397 4625 Clarus
418 4567 451 4620 et
474 4561 624 4640 Theman,
645 4560 750 4638 Lycia
774 4565 967 4624 comitantur
988 4565 1027 4623 ab
1050 4564 1125 4644 alta.

47 4738 49 4749 γ
148 4667 195 4754 3)
217 4671 297 4732 Fert
317 4673 432 4745 iuyeus
453 4674 515 4728 toto
536 4657 674 4729 conisus
697 4688 828 4747 corpore
849 4691 978 4748 aueum,

212 4779 313 4839 Haud
331 4783 454 4854 purtem
475 4779 629 4854 eaiyuam
649 4781 765 4837 montr's
786 4777 968 4856 Lyrnesius
989 4780 1123 4857 Astaca,
