3022 5234
124 270 144 328 4
511 261 565 321 lle
587 259 838 340 reipublicae
860 260 993 322 forma.

125 449 259 508 ritatem.
319 447 462 528 Reges
493 444 573 505 dico.
623 448 728 525 Repea
760 447 894 522 Pelaopi
921 448 945 520 l,
972 443 1044 504 634.
1078 448 1369 503 commemorantur.

127 552 284 632 Quotiens
306 554 448 624 Aeneas,
474 554 526 635 qui
549 553 635 616 ducis
657 557 764 636 potius
788 555 911 615 nomine
933 551 1049 634 dignus
1072 560 1150 632 erat,
1173 551 1287 634 regis
1309 571 1371 611 no·

126 682 196 724 men
219 655 357 740 accipit?
387 660 489 732 (Vide
517 664 542 745 l,
564 662 633 723 541.
656 661 726 727 553
749 662 905 743 575101,
926 661 976 722 55.
998 663 1075 743 vll,
1095 660 1168 723 330.
1189 660 1259 724 367.
1282 660 1373 733 Vlll‚

129 769 432 849 tentationi.)
469 768 627 848 Quotiens
649 767 805 833 Turnus?
849 779 895 845 (v.
917 791 948 853 g.
971 772 1027 846 lX,
1050 770 1124 833 337.
1147 770 1236 841 369.)
1280 766 1372 846 Quo-

129 881 213 939 tiens
235 877 385 939 llvander
406 896 446 940 ac
466 873 626 939 Latinus?
670 880 786 940 Nonne
807 881 850 956 V,
872 879 949 942 758:

435 991 557 1065 prandet
573 1007 671 1066 roano
699 990 855 1049 Troianas
877 987 1032 1049 ‚avertent

131 1095 246 1156 Nonne
268 1116 352 1178 enm,
375 1099 428 1176 qni
448 1097 531 1158 idern
554 1107 648 1167 vates
671 1106 733 1177 est,
755 1099 811 1170 lll,
835 1082 907 1160 395.
928 1095 1091 1156 andimus:

211 1205 396 1264 Priamiden
416 1204 573 1263 Helenam
596 1202 717 1264 Graias
737 1222 875 1279 reynare
892 1222 951 1280 per
967 1201 1084 1262 rrrbee?

135 1313 249 1373 Nonne
271 1311 436 1374 Rhamnes
461 1313 517 1393 lX,
538 1310 617 1372 327:

212 1420 288 1480 Reae
310 1423 391 1479 idern
414 1427 446 1480 et
466 1426 535 1498 νομί
559 1423 665 1482 Turno
682 1425 889 1499 pretiosimaa
909 1422 1023 1497 anper.

131 1528 190 1606 Ill,
214 1526 270 1587 8οε

213 1639 288 1699 Rea
309 1637 427 1714 Anias,
449 1656 511 1695 ree
532 1637 612 1695 idem
634 1637 795 1696 bominum
816 1637 996 1716 Phoebique
1018 1637 1188 1696 sacerdos?

213 1746 331 1806 Nonne
341 1744 423 1806 Dido
445 1742 580 1827 regina?
610 1742 767 1805 interdum
783 1761 861 1805 vero
882 1763 940 1824 pro
962 1743 1050 1826 regis
1063 1743 1188 1805 nomine
1207 1740 1376 1821 tyranni

132 1854 345 1919 denominatio
380 1858 424 1918 ita
446 1864 635 1935 usurpatur,
662 1865 697 1917 ut
721 1855 797 1931 Vll,
826 1855 898 1919 366.
928 1875 970 1917 ex
1001 1875 1056 1916 ore
1086 1858 1171 1936 regis
1200 1855 1304 1915 Latini
1334 1851 1375 1911 de

132 1948 257 2028 Aenea:
736 1943 739 1949 .

213 2074 299 2133 Pars
322 2072 402 2131 aiibi
416 2075 506 2148 paris
527 2075 589 2131 erit
608 2073 757 2132 dextram
778 2077 919 2149 tetiyr'oae
940 2075 1114 2150 tyranni.

132 2189 164 2238 et
187 2176 263 2256 Vll,
285 2175 356 2239 343.
381 2175 421 2236 de
442 2194 521 2257 rege
542 2177 658 2238 Latino
680 2180 768 2258 ipso:

548 2285 725 2346 Laurentio
745 2293 825 2347 terta
846 2293 1017 2366 tyranni

219 2393 297 2455 Atta
315 2398 403 2471 petit.

132 2503 189 2565 vix
209 2501 305 2564 ullum
325 2501 358 2563 in
382 2519 419 2563 se
440 2502 671 2582 complectatur
694 2503 853 2584 probrum,
876 2505 955 2566 alias
976 2511 1169 2566 autemnon
1191 2507 1261 2565 sine
1282 2507 1380 2587 igno-

132 2609 227 2672 minia
248 2617 282 2670 et
304 2609 503 2672 crudelitatis
523 2621 598 2673 nota
621 2610 751 2674 dicatur.
795 2615 844 2674 lta
866 2612 907 2674 de
927 2612 1091 2674 Mezentio
1114 2611 1206 2687 Vlll,
1230 2610 1308 2676 483:

216 2718 304 2794 Quia
321 2740 487 2782 memorem
508 2725 660 2802 infandae
682 2726 803 2804 caedes,
828 2726 906 2802 qaid
923 2726 1014 2796 facta
1034 2726 1205 2801 tyranni

214 2829 334 2910 Effera.

136 2958 177 2998 ex
201 2955 255 2998 ore
279 2936 375 2996 'l'urni
396 2935 436 2996 de
459 2938 572 2998 ,benaa
592 2939 666 3017 ΧΠ,
688 2939 744 3000 75:

217 3047 363 3106 Nuntiata
384 3046 464 3106 baec
486 3049 599 3108 Idmon
621 3049 765 3125 Pbrypr'o
788 3069 858 3108 mea
879 3049 963 3107 diota
985 3053 1161 3124 tyranno

218 3155 320 3214 Haud
335 3155 498 3231 placitura
519 3160 615 3234 refer.

217 3278 363 3359 Denique
390 3297 462 3340 enm
485 3282 579 3341 etiam
601 3279 792 3362 singularem
814 3281 907 3341 nobis
929 3288 1024 3359 poeta
1046 3280 1210 3361 proposuit
1233 3278 1383 3353 ordinem,

137 3397 174 3450 ut
195 3407 276 3449 unus
298 3408 356 3449 rex
382 3387 512 3449 alterum
539 3388 571 3448 in
598 3388 688 3468 regni
716 3388 904 3449 societatem
933 3396 1046 3463 vocet,
1075 3404 1155 3448 nnus
1177 3386 1311 3466 populus
1332 3383 1383 3447 al-

138 3494 197 3555 teri
226 3494 329 3554 solum
352 3501 384 3553 et
411 3492 600 3554 connubium
622 3492 782 3575 largiatur.
826 3493 928 3556 Cuius
950 3495 996 3555 rei
1017 3493 1302 3574 praeclarissimum
1326 3511 1383 3553 rex

139 3602 272 3663 Latinus
295 3599 424 3663 exhibet
445 3600 636 3680 exemplum,
661 3602 715 3681 qui
737 3602 810 3674 Vll,
832 3603 903 3666 356.
923 3606 1068 3666 Aeneam
1091 3604 1180 3666 videt
1203 3604 1279 3667 tatis

221 3711 375 3770 Portendi
392 3728 544 3785 ponerem
560 3713 928 3790 paribaaqae'inrepna
947 3717 1056 3774 vocari

222 3818 399 3895 Auspiciis.

143 3926 196 4006 qni
218 3925 275 3999 Xl,
296 3921 367 3985 316.
387 3940 501 4003 agrum
522 3925 618 3983 etiam
640 3924 771 3985 Teneris
794 3943 947 3989 cessurus
969 3938 1019 3991 est
1041 3939 1073 3992 et
1093 3929 1165 3993 331.
1188 3931 1362 3994 exclamat:

744 4032 897 4096 Foederia
918 4056 1038 4117 aequas

222 4140 378 4200 Dicamus
399 4139 497 4219 tepea,
518 4138 683 4218 sociosque
702 4136 737 4201 i'n
758 4161 858 4218 repna
878 4147 1033 4205 obremus.

224 4245 278 4308 Ad
317 4263 413 4325 quam
450 4249 639 4307 societatem
681 4266 879 4329 nequaqnam
914 4251 1020 4313 tabula
1053 4254 1106 4315 illa
1142 4259 1308 4318 notissima
1345 4253 1386 4316 de

142 4356 275 4417 Eteocle
301 4360 345 4422 vet
375 4353 530 4434 Polynice
561 4354 692 4430 aliisve,
736 4356 795 4417 sed
837 4364 964 4437 poetam
1007 4361 1129 4439 patriae
1170 4381 1250 4424 suae
1281 4363 1386 4425 histo-

143 4467 191 4523 ria
214 4459 384 4522 deductum
407 4479 483 4522 esse
505 4481 586 4526 reor.
628 4463 754 4525 Etenim
791 4467 843 4526 cui
871 4485 934 4526 non
955 4465 1084 4530 Romuli
1106 4479 1137 4531 et
1160 4468 1258 4551 'l'atiij
1282 4468 1388 4550 populi

144 4569 281 4633 Romani
311 4569 484 4651 Sabinique
511 4571 687 4634 coniunctio
708 4572 738 4632 in
760 4584 897 4635 mentem
919 4571 1053 4638 veniat?
1104 4577 1134 4638 A
1157 4577 1285 4639 Sabinis
1306 4564 1386 4639 vero

146 4695 240 4738 sacra
273 4674 523 4762 religionemque
542 4680 741 4760 potissimum
762 4700 838 4744 esse
866 4684 1022 4766 profecta,
1050 4704 1114 4749 non
1135 4687 1238 4747 solum
1259 4688 1387 4747 numina

146 4784 200 4847 illa
224 4783 310 4847 'l'atii
331 4785 421 4848 varia
441 4785 524 4867 apud
546 4787 735 4869 Dionysium
762 4788 803 4849 A.
824 4787 865 4851 la
883 4790 925 4866 11,
947 4789 999 4852 50.
1020 4782 1201 4871 memorata,
1224 4778 1269 4853 ὧν
1290 4789 1389 4870 χαλεὲ
