3022 5234
619 221 676 282 De
696 222 865 304 legione.
1329 227 1370 288 33

128 396 300 461 dinumerat
333 405 477 482 scriptor.
536 404 712 467 Trecentos
748 407 850 468 fuisse
887 425 970 468 anno
1006 408 1046 471 V.
1084 407 1122 471 C.
1167 407 1315 471 CCCVl.
1350 429 1370 470 a

127 502 221 565 Livio
244 507 300 580 lli,
320 507 370 568 62.
392 509 505 571 audis:
542 510 704 592 „Equites
732 513 866 577 duarum
893 514 1276 597 legionumsexeenti
1303 519 1371 580 fere

126 632 165 674 ex
196 619 291 696 equis
320 619 478 681 desiliunt.
519 620 597 703 „De
626 621 785 703 peditibus
806 623 962 704 Dionysio
992 625 1150 685 consentit
1170 625 1285 688 Livius
1306 628 1369 701 Vl,

128 721 177 784 22.
207 724 248 785 ad
276 745 392 789 annum
415 726 670 792 CCCLXXIV:
705 730 889 811 „Quattuor
923 731 1104 812 legionibus
1132 743 1372 815 quaternum

127 835 274 899 milium
311 835 474 918 scriptis.“
542 841 636 902 Αουσ
674 839 858 904 CCCCVl.
886 843 1000 902 iterum
1033 838 1119 902 ancti
1142 850 1217 903 sunt
1247 843 1373 924 pedites

126 952 210 1006 teste
238 945 334 1008 Livio
363 946 446 1028 Vll,
476 948 534 1011 25:
569 947 743 1031 „Undique
770 966 833 1009 non
861 948 981 1009 urbana
1009 955 1146 1029 tantum,
1185 949 1245 1011 sed
1275 957 1371 1014 etiam

127 1055 250 1136 agresti
289 1053 456 1117 iuventute
497 1056 609 1119 decern
650 1058 797 1139 legiones
834 1056 975 1136 scriptae
1011 1054 1160 1118 dicuntur
1202 1067 1373 1137 quater-

128 1180 216 1223 num
239 1162 387 1224 milium
409 1171 449 1224 et
471 1162 716 1226 ducenorum
736 1163 887 1244 peditum,
912 1166 1119 1244 equitumque
1136 1167 1374 1227 trecenorum.“

128 1269 180 1333 Cf.
209 1272 324 1352 Polyb.
354 1271 417 1353 v1,
443 1272 508 1334 202
529 1261 627 1333 ‘'Ocow
659 1268 689 1332 d’
722 1265 878 1347 ἐκλέξωσι
909 1259 948 1332 ed
984 1266 1199 1355 προκείμενον
1232 1269 1375 1357 πλῆθος,

126 1373 239 1453 (τοῦτο
260 1374 291 1438 d'
312 1371 399 1439 ἐστὶν
421 1367 475 1440 ὁτὲ
497 1374 556 1458 μὲν
574 1372 622 1451 εἰς
647 1372 781 1441 ἕκαστον
801 1367 1024 1462 στρατόπεδον
1045 1375 1143 1456 πεζοὶ
1164 1401 1377 1468 τετρακις-

129 1478 267 1561 χίλιοι
286 1480 356 1546 καὶ
377 1481 397 1545 d
408 1472 631 1563 euaderet,
645 1482 726 1548 ποτὲ
755 1482 793 1548 δὲ
813 1481 1074 1564 τιεντακιςχίλιοι,
1097 1477 1234 1549 ἐπειδᾶν
1254 1485 1377 1570 μείζων

127 1614 177 1667 τις
199 1583 312 1666 αὐτοῖς
331 1588 556 1678 τιρυφαίυηται
575 1588 748 1676 κίνδυνος)
768 1585 854 1675 μετα
882 1592 986 1657 ταῦτα
1014 1586 1092 1670 τούς
1119 1591 1237 1670 ἱππεῖς
1256 1587 1295 1659 τό
1316 1593 1376 1678 μὲν

129 1689 269 1762 παλαιόν
292 1690 449 1788 ὑστέρους
488 1690 653 1765 εἰώθεσαν
694 1692 883 1784 δοκιμάζειν
910 1699 968 1768 ἐπὶ
1002 1705 1074 1779 τοῖς
1105 1703 1378 1791 τετρακισχιλίοις

130 1805 319 1889 διακοσίοις,
341 1809 395 1874 νῦν
418 1809 456 1874 δὲ
477 1808 659 1898 προτέρους
680 1850 722 1861 -
741 1851 784 1861 -
805 1812 860 1877 καί
880 1813 1014 1878 ποιοῦσι
1035 1813 1308 1902 τριακοσίους
1329 1808 1378 1888 εἰς

128 1915 264 1983 ἕκαστον
284 1909 516 2005 στρατόπεδον.
551 1925 646 1986 Αυυο
667 1923 865 1989 CCCCXV.
888 1926 1137 2008 „scribebantur
1158 1935 1264 1989 autem
1282 1933 1378 2009 quat-

132 2044 206 2093 tuor
234 2031 304 2092 sere
335 2031 481 2112 legiones
510 2031 644 2113 quinis
670 2032 829 2095 milibus
858 2033 1022 2116 peditum,
1059 2035 1215 2115 equitibus
1248 2038 1281 2097 in
1309 2035 1380 2095 sin-

130 2138 224 2221 gulas
248 2137 394 2220 legiones
425 2133 589 2199 trecenis“
623 2138 712 2214 (biv.
742 2139 832 2203 V111.
858 2139 916 2225 8).
968 2139 1127 2202 Deminuti
1150 2139 1296 2202 videntur
1317 2159 1380 2219 pe·

133 2245 218 2306 dites
244 2244 320 2307 iude
349 2243 391 2323 ad
411 2263 527 2306 aunum
557 2242 809 2322 CCCCXClll.,
839 2265 934 2328 quum
963 2246 1118 2328 Polybius
1147 2249 1176 2330 l,
1205 2248 1254 2314 16.
1281 2257 1380 2329 quat-

131 2361 206 2414 tuor
227 2352 371 2434 legiones
391 2352 556 2414 Romanas
578 2361 750 2416 memorett
778 2340 839 2413 ded
859 2348 1227 2437 τετρακισχιλίους
1247 2344 1380 2437 πεζούς,

132 2454 253 2533 ἱππεῖς
274 2456 310 2522 τὲ
332 2454 546 2544 τριακοσίους.
590 2460 626 2522 ld
647 2477 722 2522 enm
746 2481 785 2522 eo
805 2461 963 2536 convenit,
987 2461 1068 2542 quod
1091 2480 1173 2523 anno
1195 2464 1381 2529 DXXXlV.

131 2572 350 2652 „Sempronio
373 2569 468 2631 datae
489 2569 632 2652 legiones
653 2568 751 2650 duae,
783 2588 822 2633 ea
851 2578 1052 2651 quaterna
1073 2570 1181 2633 milia
1202 2579 1292 2632 erant
1321 2582 1381 2651 pe·

134 2677 254 2756 ditum,
288 2685 321 2738 et
342 2680 524 2740 trecenti
546 2679 731 2762 equites-
752 2711 792 2722 -
825 2678 974 2742 Cornelio
997 2679 1092 2742 datae
1112 2679 1195 2741 duae
1217 2678 1382 2741 Romanae

133 2789 280 2870 legiones
302 2804 376 2848 enm
397 2804 457 2848 suo
478 2791 564 2849 insto
587 2787 729 2869 equitatu
751 2819 789 2834 -
812 2822 854 2835 -
877 2791 965 2851 Duas
987 2790 1133 2872 legiones
1156 2787 1320 2850 Romanas
1348 2793 1382 2847 et

132 2892 245 2956 decem
272 2897 359 2959 milia
388 2899 548 2961 soeiornm
568 2897 719 2980 peditum,
742 2899 825 2962 mille
847 2898 972 2980 equites
994 2902 1115 2979 socios,
1139 2903 1382 2958 sexcentos

129 2984 300 3067 ¹Romanos
332 2999 438 3068 Gallie
467 3006 631 3086 provincia
662 3007 776 3070 eodem
809 3028 891 3070 anno
919 3026 1017 3068 verse
1037 3011 1069 3068 in
1089 3006 1245 3067 Punicum
1266 3003 1382 3064 bellum

134 3108 271 3174 habuit⁴‘
292 3113 382 3184 (Liv.
405 3113 593 3190 xxa-12).
637 3114 687 3176 De
709 3135 792 3178 anno
815 3116 1004 3178 DXXXVl.
1026 3113 1191 3174 variarunt
1213 3115 1277 3173 iam
1298 3107 1383 3189 apud

134 3221 263 3283 Livium
283 3221 398 3297 XXll,
430 3221 480 3285 36.
503 3232 670 3287 auctores:
704 3226 857 3308 „Decem
887 3223 972 3285 milia
1006 3239 1159 3284 novorum
1181 3218 1311 3281 militum
1331 3216 1383 3277 alii

133 3330 257 3411 scripta
278 3330 309 3389 in
329 3331 601 3410 supplementum,
623 3330 676 3391 alii
695 3348 800 3391 novas
821 3338 969 3411 quattuor
990 3329 1153 3409 legiones,
1184 3333 1219 3386 ut
1239 3332 1311 3386 octo
1332 3323 1383 3383 le-

134 3436 286 3520 gionibus
308 3454 375 3496 rem
396 3442 557 3516 gererent,
579 3454 711 3496 numero
734 3453 860 3514 quoque
881 3434 1022 3514 peditum
1046 3435 1253 3512 equitumque
1276 3429 1383 3510 legio·

136 3562 196 3606 nes
217 3552 349 3622 auctas,
384 3541 508 3603 milibus
535 3541 675 3623 peditum
703 3549 736 3602 et
757 3543 902 3604 centenis
924 3541 1083 3622 equitibus
1104 3540 1135 3600 in
1156 3539 1301 3621 singulas
1322 3537 1384 3599 ad-

137 3655 251 3734 iectis,
280 3659 316 3712 ut
336 3654 431 3732 quina
452 3650 538 3712 milia
558 3649 714 3730 pediturn,
744 3655 865 3714 treceni
886 3646 939 3730 (2)
962 3652 1086 3732 equites
1118 3644 1260 3712 essent.“
1313 3647 1386 3708 Nisi

137 3771 288 3827 auctores
309 3762 354 3824 illi
376 3761 583 3841 crediderint,
613 3763 753 3844 equitum
783 3770 904 3824 tantum
927 3759 1128 3840 ducentosi)
1151 3756 1271 3840 legioni
1291 3765 1388 3818 antea

138 3875 265 3940 additos
288 3890 376 3954 esse,
399 3870 485 3952 quod
506 3872 562 3933 vix
582 3870 751 3933 adfirmare
771 3871 893 3952 ausim,
923 3868 985 3932 hoe
1017 3869 1086 3931 loeo
1108 3865 1315 3951 quadringeni
1337 3867 1399 3928 le-¹

140 3985 283 4070 gendum
304 3993 365 4066 est,
393 3983 540 4066 quamvis
562 3988 595 4044 et
618 3981 783 4063 Appianas
803 3981 844 4040 ll.
866 3979 907 4042 R.
929 3979 1005 4058 Vll,
1031 3978 1061 4041 8.
1084 3985 1244 4040 trecentos
1264 3984 1387 4038 tantum

139 4093 289 4155 nominet.
322 4084 435 4166 (Error
454 4088 528 4151 inde
550 4098 638 4151 ortus
659 4095 727 4168 est,
760 4084 846 4166 quod
866 4085 920 4146 hic
940 4086 1083 4166 equiturn
1103 4103 1255 4148 numerus
1277 4085 1388 4167 legiti-

140 4218 214 4261 mus
244 4208 276 4262 et
307 4200 495 4280 antiquitate
523 4195 668 4259 sancitus
697 4196 880 4255 memoriam
910 4195 1121 4275 computantis
1142 4213 1269 4275 semper
1291 4210 1391 4256 oecu-

139 4309 261 4391 pavit)
303 4308 430 4371 Etenim
453 4306 752 4370 annoDXXXVll.
777 4304 1013 4388 „decreverunt
1033 4315 1158 4388 patres,
1187 4315 1221 4369 ut
1244 4304 1284 4383 0.
1306 4303 1391 4367 nut-

143 4448 367 4463 -————-

159 4515 191 4582 *)
208 4516 301 4567 Livius
320 4517 376 4578 ipse
393 4517 519 4580 xxvlu,
537 4517 569 4564 2:
586 4515 693 4581 „Erunt
709 4521 800 4567 autern
820 4518 846 4569 in
872 4517 1013 4569 Celtibero
1035 4516 1156 4566 exercitu
1173 4518 1301 4577 quattuor
1318 4513 1391 4562 milia

142 4656 151 4675 ι
210 4602 380 4660 scutatorum'
392 4616 421 4659 et
439 4607 582 4659 ducenti
598 4609 717 4671 equites3
735 4610 803 4659 nane
814 4611 909 4660 iustam
927 4609 1062 4673 legionem
1079 4605 1123 4670 (et
1141 4604 1165 4654 id
1183 4606 1267 4652 ferme
1285 4605 1393 4655 roboris

211 4698 285 4770 erat)
303 4700 329 4750 ln
346 4702 434 4762 prima
453 4699 512 4751 acie
530 4701 604 4752 locat
622 4704 751 4766 [Mago]:
769 4708 890 4766 eeteros,
907 4703 998 4751 levem
1016 4707 1195 4759 armaturam,
1222 4696 1249 4743 in
1268 4697 1392 4746 subsidiis

211 4789 315 4852 ponit.“
