3022 5234
559 249 614 307 De
636 248 802 328 legione.
917 234 920 240 ⁴

140 431 319 512 Adparent,
339 434 438 508 primi
457 430 574 507 clipeos
594 434 786 510 mentitoque
809 431 872 490 teia

139 538 360 616 Adprtoscunt,
384 541 488 618 adque.
510 557 567 598 oro
586 555 665 598 cono
685 539 843 598 discordia
863 540 1003 613 ciprani.

57 650 189 724 cipriani
208 645 364 729 explicat:
387 647 586 730 adesignaut,
609 653 664 706 aut
684 664 740 725 per
769 664 905 726 vocem,
938 652 993 705 aut
1022 663 1079 725 per
1106 647 1301 729 symbolum,

59 775 119 839 qno
143 759 239 820 utitur
257 761 453 820 exereitus«
477 755 677 836 Quamquam
693 773 755 815 non
765 753 964 846 negaverim,
985 774 1043 815 oro
1056 773 1134 817 sono
1146 760 1304 820 discordia

57 866 170 929 mirum
200 866 231 926 in
262 865 390 927 modum
422 863 463 926 do
496 863 671 944 linguarum
700 861 879 922 differentia
900 859 979 943 dici,
1015 874 1112 943 quum
1142 884 1298 946 nusquam

58 973 206 1039 Graecos
226 976 287 1036 alia
309 992 349 1036 ac
372 975 528 1036 Troianos
547 991 628 1033 usos
650 989 727 1032 esse
748 987 833 1031 voce
850 979 946 1051 poeta
966 969 1137 1056 significet,
1171 976 1204 1033 in
1225 992 1299 1035 ser-

57 1086 202 1148 monibus
225 1084 307 1145 alter
328 1101 454 1163 semper
473 1083 608 1146 alterum
630 1079 794 1162 intelligat.
818 1078 939 1142 Contra
961 1097 1000 1140 ue
1021 1078 1062 1140 de
1074 1080 1220 1160 symbolo
1241 1082 1259 1143 i.
1273 1102 1301 1142 e.

57 1199 182 1267 tessera
203 1191 370 1273 accipiam,
394 1188 571 1270 prohibebit
591 1185 785 1249 vocabulum
806 1206 906 1247 sontis
928 1185 966 1247 de
987 1191 1081 1270 signo
1104 1188 1300 1250 militarivo-

58 1300 117 1363 cali
137 1320 202 1362 non
223 1299 318 1360 facile
336 1298 520 1361 adhibitum.
543 1298 591 1359 lta
613 1297 710 1378 igitur
731 1299 867 1375 priorem
891 1296 1106 1380 intelligemus
1127 1300 1243 1373 locum,
1264 1307 1300 1359 ut

60 1426 121 1468 non
143 1405 208 1469 fida
228 1406 308 1466 satis
330 1405 348 1465 i.
372 1424 399 1468 e.
420 1405 532 1477 amica,
563 1402 708 1464 familiari
734 1405 857 1462 ratione
885 1400 970 1464 edita
998 1422 1154 1489 respousa
1184 1408 1301 1470 intelli-

59 1519 186 1594 gantur,
208 1513 434 1593 posteriorem,
461 1521 498 1574 ut
525 1511 557 1576 iu
584 1510 646 1572 hoc
667 1509 887 1591 proeliantium
920 1530 1096 1596 concursu,
1128 1532 1191 1595 quo
1223 1515 1297 1576 falsi

60 1620 152 1702 clipei
173 1618 318 1701 falsaque
340 1640 430 1683 arma
451 1620 746 1702 cognoscebantur,
778 1619 869 1680 vocis
898 1623 994 1680 etiam
1015 1622 1178 1701 popularis
1202 1621 1299 1687 diffe-

59 1728 161 1792 rentia'
179 1749 199 1792 a
221 1729 356 1790 Marone
378 1727 419 1789 ad
441 1725 675 1809 dignoscendos
696 1727 810 1801 hostes
830 1726 922 1788 suerit
944 1746 1060 1788 revera
1082 1737 1201 1792 notata.

141 1836 294 1900 Ceterum
302 1837 444 1921 Vegetio
455 1839 497 1918 11,
514 1835 544 1898 7.
564 1844 652 1898 teste
665 1837 759 1898 etiam
780 1836 1081 1898 „tessera—dicitnr
1099 1847 1301 1920 praeceptum

58 1948 164 2030 ducis,
187 1965 249 2028 quo
270 1945 323 2007 vel
344 1945 385 2006 ad
407 1962 500 2026 opus,
522 1946 574 2006 vel
596 1943 637 2006 ad
659 1943 772 2006 bellum
802 1952 950 2006 movetur
978 1946 1171 2008 exercitus«
1204 1955 1300 2028 atque

59 2055 246 2130 „tesserarii
270 2056 323 2136 qui
345 2063 499 2117 tesseram
520 2073 577 2134 per
597 2054 801 2117 contubernia
830 2053 963 2116 militum
989 2054 1159 2116 nuntianti<
1205 2055 1299 2134 Quae

57 2164 251 2253 significatio
273 2165 358 2247 apud
378 2166 507 2228 Livium
529 2165 606 2244 vll,
627 2163 679 2226 35.
699 2165 760 2247 lx,
782 2161 833 2225 ³2.
854 2164 1020 2225 iuvenitur.

629 2392 664 2480 §-
684 2397 734 2461 ao.

555 2556 614 2608 lie
631 2554 806 2620 legione.

140 2726 339 2789 Mirabuutur
367 2742 460 2799 saue,
494 2723 607 2804 quibus
634 2722 913 2804 adseveraverim,
949 2725 1104 2808 lectores,
1141 2728 1300 2808 legionem

56 2837 234 2900 Romanam
252 2854 313 2895 nou
337 2834 462 2896 nomine
482 2837 604 2917 solum,
633 2833 692 2896 sed
713 2853 828 2914 reapse
855 2842 889 2897 et
918 2853 1049 2896 numero
1069 2834 1103 2896 in
1123 2835 1300 2900 Aeneidem
1370 2918 1374 2925 .

55 2963 131 3007 esse
152 2945 322 3009 inductam.
363 2947 397 3007 N
399 2966 417 3008 e
446 2965 497 3008 me
519 2965 562 3008 ex
581 2947 709 3027 iugenio
733 2964 820 3007 moro
843 2964 912 3007 eam
936 2945 1081 3007 derivare
1103 2947 1301 3029 arbitrentur,

55 3059 241 3135 computent
269 3054 352 3136 ipsi,
384 3072 465 3135 quos
487 3063 582 3136 poeta
603 3053 753 3117 versibus
775 3053 914 3118 condidit
934 3062 1031 3136 atque
1052 3053 1083 3114 iu
1108 3072 1201 3116 unum
1224 3074 1298 3116 cor-

55 3182 117 3245 pus
141 3163 315 3245 copulavit,
336 3181 483 3251 numeros
505 3163 552 3245 X,
576 3163 686 3225 166-
702 3163 777 3226 tot:

140 3274 307 3335 Moesicos
329 3279 437 3332 ueruto
457 3275 607 3349 princeps
628 3278 719 3333 secat
738 3291 877 3351 aequora
898 3274 986 3353 tipri,
1241 3270 1302 3332 too

142 3381 209 3444 sot
231 3402 292 3461 quo
313 3381 422 3440 mille
441 3398 557 3441 mortus
579 3384 727 3441 iuvenum
749 3411 790 3422 -
810 3412 851 3423 -

142 3490 217 3552 Uno
235 3493 340 3547 torvos
359 3485 449 3548 Abas
471 3516 512 3528 -
1240 3485 1302 3548 170

139 3593 366 3656 Sescentos
387 3595 439 3655 iili
459 3596 591 3655 dederat
608 3594 787 3672 Populonio
806 3601 907 3656 muter

141 3703 308 3780 Experior
330 3704 403 3763 tetii
423 3707 574 3781 iuoemrr3
596 3711 649 3764 osi
666 3705 737 3764 Ilva
759 3712 965 3767 trecentos
994 3739 1035 3750 —-
1229 3784 1232 3791 Ι

144 3812 270 3872 Tertius
291 3811 345 3871 illc
368 3811 528 3871 bornicum
550 3813 712 3891 divomque
733 3816 891 3890 interpres
913 3813 1028 3875 Asilos
1049 3848 1090 3858 —
1112 3849 1153 3863 -
1242 3817 1301 3879 175

140 3918 261 3979 Mille
280 3922 368 3996 rapit
386 3920 502 3978 denseo
522 3923 591 3978 acic
614 3921 716 3998 adque
737 3919 939 3980 horrentibus
959 3921 1064 3983 bostis
1083 3954 1123 3966 -
1145 3958 1186 3971 —
1207 3959 1248 3969 -

144 4026 387 4086 Tercentum
409 4026 563 4107 adiciant,
585 4044 674 4085 merto
695 4028 838 4087 omnibus
854 4047 921 4088 arta
941 4034 1101 4109 sequendi.
1243 4032 1302 4094 182

54 4163 164 4228 Habet
185 4162 293 4242 itaque
312 4162 361 4243 M,
383 4162 453 4237 DC,
483 4161 585 4241 CCC,
614 4162 666 4243 M,
696 4158 785 4223 CCC
808 4161 945 4236 militum,
976 4167 1030 4243 qui
1051 4163 1111 4225 tria
1131 4162 1216 4228 milia
1236 4163 1301 4225 du-

56 4278 172 4333 centos
193 4266 350 4347 efficiunt3
375 4268 489 4330 desunt
511 4276 633 4331 tantum
655 4277 794 4342 centum,
819 4277 854 4331 ut
874 4269 998 4352 integer
1021 4288 1171 4331 numerus
1192 4271 1299 4350 legio-

57 4377 109 4438 nis
128 4375 296 4438 Romanae
317 4374 467 4456 antiquae
488 4374 616 4439 evadat.
661 4373 724 4452 Qui
745 4373 891 4438 deiectus
912 4374 996 4438 unde
1018 4377 1060 4439 sit
1081 4387 1185 4459 ortus,
1216 4399 1300 4440 uou-

56 4483 131 4546 dum
154 4491 205 4546 est
230 4483 261 4544 iu
288 4490 442 4563 promptu.
490 4481 647 4542 Fortasse
677 4479 817 4563 Cinyrae
846 4491 880 4546 et
906 4485 1019 4564 paucis
1049 4489 1199 4546 comitato
1229 4485 1300 4548 Cu-

55 4612 159 4675 pauo,
194 4591 248 4671 qui
274 4607 391 4651 navam
421 4587 643 4651 Centaurum
676 4600 860 4673 promovet,
898 4600 1027 4653 centnm
1063 4601 1158 4671 poeta
1185 4593 1300 4659 tribuit.

53 4701 235 4785 Legionem
255 4717 335 4760 vero
357 4696 419 4760 hoo
439 4690 515 4760 loco'
529 4697 698 4762 iudicatam
723 4719 814 4778 esso,
842 4709 973 4763 movent
1001 4719 1053 4762 me
1073 4701 1209 4762 maxime
1231 4709 1300 4765 ter-

56 4821 184 4879 centum
204 4811 247 4874 illi
270 4812 346 4877 tot:

1006 4923 1062 4985 pr
