3022 5234
370 230 428 291 De
450 231 634 312 cohorte,
657 232 851 314 meuipio,
877 233 960 314 aia,
982 243 1114 299 turma.
1342 237 1384 299 5⁷

217 411 286 471 Nee
309 411 413 491 curu
432 418 577 491 penitere
598 417 711 495 minor,
734 433 792 474 uec
810 417 916 495 fratre
937 417 1134 481 Menestheo.

216 517 264 578 Hi
282 521 411 596 iaculis,
431 522 482 582 ilii
503 529 630 583 certant
648 524 819 603 defendere
838 527 946 600 succis,
1143 496 1148 505 ‘

217 626 392 708 Moliripue
410 633 536 706 ipuem,
556 648 714 710 ueraeque
734 637 846 708 aptore
865 636 1012 709 capittes.

135 734 325 817 Quanquam
352 736 496 817 speciem
524 735 681 817 quandam
704 737 773 798 veri
802 738 1038 820 praesefert,
1066 739 1117 819 qui
1138 740 1292 803 hocloco
1314 740 1376 803 du·

132 843 246 922 plicem
268 845 380 918 aciem,
404 861 466 904 non
487 843 642 923 triplicem
668 860 744 905 esse
765 841 920 904 adfirmet.
943 844 1088 927 Denique
1111 847 1294 934 notandum,
1315 871 1377 912 nou

133 969 204 1012 raro
226 960 340 1013 nomen
363 950 501 1035 legionis
523 972 579 1034 per
611 951 788 1014 Aeneidem
824 951 974 1014 diffusum
996 972 1091 1036 esse,
1129 955 1180 1018 ubi
1210 976 1268 1037 pro
1290 970 1380 1040 parte

132 1059 294 1119 exercitus
316 1058 629 1141 indefinito'ponitm·
650 1078 682 1123 v.
707 1077 739 1141 g.
761 1058 938 1139 v11,681:

386 1171 485 1232 Hunc
506 1171 611 1248 lepte
631 1172 695 1232 late
718 1176 887 1233 comitatur
906 1175 1054 1248 apricus.

133 1246 225 1326 vrlr,
248 1253 326 1314 604:
635 1261 639 1268 '

388 1338 543 1418 celsoque
565 1343 667 1400 omnis
689 1341 728 1400 de
745 1341 826 1406 colle
848 1346 949 1407 videri

216 1445 289 1505 Iam
306 1452 434 1523 poterut
452 1447 576 1524 topic.
677 1526 679 1531 ,

132 1553 210 1635 xli,
234 1553 310 1616 120:

215 1664 368 1726 Procedit
388 1665 451 1744 lep
463 1669 497 1726 ie
519 1666 731 1730 Ausonidum.

133 1770 267 1833 Aeneas
289 1773 367 1850 XII,
392 1772 473 1834 562:

427 1880 657 1960 Tumulumpuc
679 1888 773 1963 eupit,
796 1904 856 1964 que
879 1893 983 1948 cetero
1011 1889 1168 1950 Teucrum

216 1991 390 2054 Concurrit
408 1993 423 2052 1
428 2012 446 2052 e
451 1997 529 2069 pio.
1298 2049 1302 2053 .

131 2100 244 2164 eadem
267 2086 389 2164 ratione
411 2107 507 2165 etiam
531 2107 703 2182 equitatus,
727 2107 868 2183 equitum
888 2123 920 2163 v.
942 2123 975 2186 g.
998 2101 1075 2184 vti,
1097 2101 1170 2164 804.
1194 2102 1287 2183 vill,
1305 2103 1380 2166 518.

130 2209 203 2270 585.
223 2209 269 2291 Χ,
289 2208 360 2271 cot.
382 2210 442 2293 ΧΙ,
465 2208 536 2292 433.
559 2209 630 2271 464.
651 2207 923 2292 ereximus,
947 2210 1059 2292 quihus
1082 2209 1230 2273 omnihus
1250 2210 1376 2272 Homo-

133 2323 233 2380 ricam
255 2316 539 2400 Vergilianamque
560 2315 661 2377 aciem
684 2323 751 2377 tcto
774 2317 865 2377 coelo
889 2315 1071 2396 discrepare
1092 2315 1196 2379 vides.
1379 2308 1382 2312 ’

704 2521 737 2612 §-
760 2525 810 2588 ar.

383 2662 442 2715 lte
460 2661 641 2725 cohor-te,
658 2654 856 2725 mentplc,
874 2657 953 2723 ala,
971 2659 1121 2712 trrrme.

215 2828 488 2908 Quemadmodum
511 2847 608 2911 supra
630 2826 777 2907 vidimus,
802 2846 822 2889 a
845 2838 942 2908 poeta
972 2836 1116 2889 naturam
1145 2845 1219 2888 cum
1247 2826 1378 2907 negotio

130 2936 236 3018 atiquo
257 2939 311 3023 vei
334 2946 452 3000 evento
473 2939 505 2998 in
526 2937 684 3000 societate
704 2936 842 2998 humana
862 2943 993 3017 peracto
1026 2936 1222 3019 comparari,
1250 2934 1296 2996 ita
1324 2934 1376 2996 in-

128 3042 253 3106 terdum
276 3044 371 3107 etiam
393 3045 531 3106 humana
553 3061 626 3105 cum
647 3043 794 3105 humanis
815 3043 951 3104 conferri
971 3039 1227 3103 animadvertere
1249 3058 1380 3119 possu-¹

128 3172 209 3219 mus.
233 3150 355 3237 Georg.
378 3155 419 3233 ΙΙ,
429 3153 501 3216 ast.
521 3161 616 3235 pocta
637 3153 735 3232 iubet,
758 3159 793 3214 ut
812 3153 844 3213 in
864 3148 1029 3211 arboribus
1040 3147 1244 3228 disponendis
1265 3151 1370 3208 omniu

127 3267 197 3321 rint
214 3264 347 3339 poribus
366 3265 509 3322 numeris
530 3264 675 3322 dimensa
696 3265 836 3334 ciorum,

216 3373 261 3434 Ut
280 3389 377 3447 coepe
397 3373 521 3447 inperiti
539 3369 619 3430 dello
642 3389 715 3430 oum
737 3361 833 3444 leupo
855 3368 1048 3427 cohortes

214 3479 388 3557 Empiieuit
406 3478 498 3553 iepio,
520 3482 551 3535 et
573 3478 792 3553 comportati!
814 3492 927 3551 upmcu
949 3478 1067 3552 aperto,

212 3590 425 3665 Direetueque
448 3589 543 3658 uetes,
568 3604 605 3644 uc
625 3584 688 3644 lete
704 3585 845 3661 fluctuat
863 3588 966 3642 omuic

212 3693 298 3756 Aere
317 3697 475 3755 renidenti
493 3695 600 3774 tellus,
622 3696 758 3754 necdum
778 3694 910 3753 horrida
930 3696 1065 3753 ruisceut

216 3803 358 3884 Proelia,
381 3805 441 3863 sed
460 3804 574 3863 drrdius
594 3805 706 3863 mediis
726 3801 822 3862 Mure
843 3807 936 3862 errat
954 3805 988 3860 in
1009 3805 1119 3863 armis.

130 3908 326 3972 ”Sciendum
349 3918 398 3970 est
420 3917 542 3990 autem,
563 3908 663 3990 inquit
683 3908 845 3991 vegetius
866 3909 908 3988 ΙΙ,
917 3908 960 3990 6.,
980 3909 1010 3970 in
1033 3928 1095 3971 una
1115 3910 1243 3992 legione
1262 3906 1376 3973 'decom

130 4015 281 4079 cohortes
303 4033 379 4078 esse
401 4015 545 4078 deberem
570 4017 664 4078 Serv.
676 4015 716 4078 ad
737 4016 820 4077 Aen.
832 4017 892 4094 xl,
903 4015 981 4079 463:
1005 4016 1129 4097 „hegio
1151 4025 1258 4079 autem
1281 4018 1379 4081 habet

129 4124 244 4187 decem
267 4124 427 4206 cohortes2
449 4126 621 4207 sexaginte
642 4124 829 4185 centuriasn
867 4124 902 4184 In
924 4124 1049 4207 legione
1071 4125 1177 4206 itaque
1199 4126 1291 4187 trium
1313 4129 1376 4187 mi·

128 4235 207 4295 lium
229 4232 360 4294 militum
384 4231 547 4294 cohortem
563 4238 723 4292 trecentos
736 4231 862 4312 pedites
876 4231 1044 4313 complecti
1056 4232 1241 4311 oportebat3
1263 4251 1376 4310 verum

130 4343 163 4404 in
193 4341 474 4406 hactnominanda
500 4343 670 4425 Vergilius
698 4341 823 4420 poetica
851 4342 975 4405 licentia
1008 4352 1059 4405 cst
1080 4361 1167 4407 usus.
1210 4343 1378 4419 Nusquam

128 4434 213 4512 enim
236 4457 325 4511 certa
346 4447 480 4530 qaedam
503 4447 714 4510 dinumeratio
737 4456 844 4528 potest
866 4446 993 4529 dispici3
1022 4449 1162 4512 cohortis
1185 4448 1377 4512 vocabulum

127 4576 186 4639 pro
208 4556 328 4618 maiore
349 4555 453 4636 aliquo
477 4555 531 4616 vei
554 4556 674 4618 minore
696 4557 790 4619 etiam
814 4555 970 4619 divisione
992 4556 1136 4620 adhibuit
1157 4577 1190 4619 v.
1203 4574 1238 4638 g·
1251 4552 1292 4619 de
1313 4574 1376 4619 na-

126 4667 224 4730 vibus
245 4666 305 4746 ΙΙΙ,
326 4660 413 4726 563:

214 4772 356 4839 Laecam
376 4781 494 4836 cuncta
515 4774 660 4838 cohors
677 4778 777 4836 remis
798 4761 961 4855 acuteque
988 4776 1107 4851 petiuit.
