3022 5234
169 403 297 466 mores,
333 386 477 448 instituta
514 392 628 448 cuncta
665 403 723 466 per
752 387 858 446 omnia
883 381 1020 469 Vergilii
1059 385 1196 450 carmina
1229 385 1346 452 diffusa
1371 389 1402 451 in

168 556 264 601 uuum
288 537 382 619 quasi
406 553 525 617 corpus
548 533 768 620 confluerent,
808 535 848 600 ad
873 556 968 601 unam
993 547 1149 619 mentem,
1184 537 1321 606 indolem
1345 547 1400 605 vi-

168 694 296 767 tamque
321 685 498 749 Romanam
523 693 764 770 revocarentur,
799 683 941 771 Graeca,
973 704 1056 771 quae
1081 687 1187 752 insunt
1210 709 1323 773 pauca,
1347 693 1400 755 in-

167 824 358 888 dicarentur.
415 823 571 888 innumeri
604 823 701 909 igitur
735 841 857 886 versus
892 843 911 885 e
945 823 1058 908 Livio,
1093 823 1214 907 Plinio,
1248 826 1402 915 Vegetio,

166 980 312 1048 Varrone
338 976 526 1058 praesertim
558 982 650 1037 eraut
675 967 875 1054 inlustrandi,
900 982 997 1054 atque
1022 973 1144 1036 omuino
1176 974 1238 1038 bos
1262 979 1400 1062 scripto-

166 1147 221 1193 res
252 1131 382 1208 potius,
417 1143 508 1205 quam
533 1125 707 1189 Homerum
732 1123 975 1207 Hesiodumque
1008 1122 1204 1188 adhibendos
1229 1126 1293 1191 iam
1321 1149 1400 1196 erse

167 1294 297 1342 censeo.
333 1276 370 1337 ln
395 1293 458 1356 qua
481 1293 581 1357 opera
605 1278 635 1335 si
658 1273 740 1337 forte
766 1272 886 1338 felicior
911 1271 1039 1353 fuerim,
1063 1290 1128 1335 uon
1151 1292 1274 1357 paucas
1299 1277 1397 1343 ctiam

170 1425 336 1493 Romanae
366 1424 562 1507 antiquitatis
587 1424 793 1506 quaestiones
819 1420 871 1486 hic
897 1422 1034 1506 amplius
1059 1419 1164 1484 tuisse
1190 1426 1397 1508 exponendas

164 1578 226 1642 viri
260 1575 344 1640 docti
369 1575 573 1679 perspicient.
624 1574 785 1656 Perpetuo
811 1581 916 1638 tamen
939 1572 1119 1639 cavendum
1147 1581 1226 1656 erat,
1249 1596 1297 1643 uo·
1316 1595 1398 1660 poe-

164 1727 249 1791 ticae
271 1729 411 1789 rationes
435 1724 646 1794 laederentur.

263 1906 387 1988 Quodsi
410 1927 524 1972 numen
551 1905 692 1970 divinum
716 1914 854 1969 mentem
878 1903 1044 1967 infractam
1069 1905 1297 1987 robustamque
1322 1910 1398 1972 mibi

164 2049 416 2135 servaverit,³de
433 2056 571 2120 lontibus
593 2054 763 2120 carminum
776 2053 1050 2139 Vergilianorum-
1064 2052 1201 2117 omnium
1227 2056 1395 2138 aliquando

165 2208 327 2271 disserere
352 2206 383 2268 in
401 2207 504 2270 auimo
530 2216 591 2274 est.
633 2203 702 2271 Sed
727 2213 851 2284 vestra,
877 2204 1017 2266 lectores
1042 2201 1201 2288 benevoli,
1226 2223 1309 2288 opus
1335 2209 1397 2270 erit

160 2356 342 2424 voluntate.

188 2608 376 2673 scribebam
401 2609 571 2671 Bounae
596 2607 696 2690 pridie
722 2608 885 2673 Celendas
912 2608 1069 2674 Octobres
1093 2607 1366 2674 MDCCGXblll.
