3022 5234
176 245 219 312 78
666 248 724 310 De
744 246 934 328 pellibus

177 429 219 494 ibi
240 449 320 492 vero
342 450 403 492 non
424 433 539 506 virum,
559 429 619 493 sed
640 447 754 510 sacra,
777 448 859 512 quae
881 428 1095 512 celebrantur,
1117 427 1265 491 Herculis
1286 435 1425 506 spectat.

179 539 350 620 Nequam
371 542 470 602 altero
493 539 563 601 loco
591 538 688 620 VIII,
720 538 793 603 552.
821 546 960 612 constat,
991 547 1094 601 utrum
1115 539 1246 600 Aeneas
1266 536 1322 599 tali
1341 537 1425 618 pelle

177 655 323 728 ornetur,
345 667 385 709 an
407 647 476 708 eius
498 665 610 727 equus.
651 647 775 708 Iltenim
797 647 879 709 551:

258 757 389 818 Dantur
409 758 502 833 equi
525 755 655 815 Teucris
681 756 850 832 Tyrrhena
868 757 1046 835 petentibus
1068 772 1165 832 arcu5

259 866 395 927 Ducunt
412 869 573 923 essuriem
595 862 733 937 Aeneae,
758 885 849 944 quem
867 867 959 945 fulva
981 866 1120 927 leonis

167 970 169 975 ’
259 972 393 1034 Pollis
414 974 603 1048 editicium,
624 974 836 1052 praefulpens
858 976 1019 1051 unquidns
1040 978 1157 1035 aureis.

180 1078 378 1144 Crediderim
400 1079 558 1161 equidem,
586 1079 752 1142 articulum
780 1101 871 1160 quem
899 1079 941 1142 ad
972 1098 1084 1162 equum
1109 1098 1185 1143 essa
1211 1078 1423 1164 talerandum,
1455 1136 1459 1143 .

71 1267 73 1272 ,
176 1207 238 1251 non
258 1186 299 1249 ad
320 1184 448 1248 Aeneae
469 1205 594 1247 nornen.
636 1187 686 1248 Ita
707 1184 865 1249 Chloreus
885 1187 955 1265 XI,
976 1185 1053 1248 77οε

260 1295 529 1374 Spumantemque
550 1295 810 1377 opitulatorem,
833 1314 924 1375 quem
943 1293 1031 1374 pell
1037 1299 1072 1356 is
1093 1300 1184 1356 aenis

260 1406 302 1466 In
320 1403 462 1482 plumam
484 1403 626 1480 squamis
648 1420 726 1461 auro
750 1409 897 1462 conserta
918 1403 1091 1479 tepebat.

178 1512 289 1595 Iilquus
318 1508 451 1572 Didonis
481 1508 549 1588 IV,
580 1505 652 1568 534.
680 1515 731 1568 est
759 1514 907 1588 ostroque
938 1512 1075 1586 insipnis
1103 1515 1136 1569 et
1161 1528 1250 1570 auro.
1299 1506 1424 1570 Deinde

178 1620 496 1703 exspectaverimus,
525 1617 658 1678 Aeneae
684 1615 825 1681 habitum
852 1617 952 1700 VIII,
986 1618 1056 1683 465.
1085 1620 1192 1700 potIus
1225 1633 1319 1699 quam
1348 1613 1422 1677 552.

178 1725 323 1790 describi.

261 1834 452 1897 Herculeam
474 1851 554 1895 vero
576 1848 705 1913 semper
722 1832 856 1895 indolem
879 1833 974 1899 habet
994 1835 1095 1899 leonis
1116 1836 1210 1917 pellis
1232 1836 1422 1915 omninoque

178 1959 271 2004 omne
292 1941 418 2020 pellium
440 1947 658 2021 tegumentum
681 1959 785 2003 rarum
808 1941 880 2025 quid
902 1951 935 2005 et
956 1942 1215 2006 acousuetudine
1235 1942 1337 2022 patria
1358 1940 1421 2003 ali·

178 2068 282 2114 enum.
325 2046 527 2127 Quapropter
558 2046 628 2127 ille,
660 2048 711 2128 qui
733 2049 797 2110 VII
802 2094 814 2125 ,
836 2049 907 2112 656.
929 2056 1021 2112 satus
1041 2030 1183 2112 Hercule
1199 2051 1337 2130 palebro
1358 2067 1421 2110 uo-

179 2157 315 2219 minatur
333 2156 409 2220 666:

259 2267 338 2344 Ipse
354 2264 463 2345 pedes,
484 2269 671 2339 tepumen
692 2270 843 2343 torquens
865 2268 992 2325 inmane
1011 2264 1166 2341 leonis,

264 2375 408 2436 Terribili
425 2378 579 2451 inpexam
601 2379 699 2447 sueta,
722 2393 794 2433 eum
816 2374 960 2434 dentibus
981 2374 1061 2434 aldis

259 2483 399 2545 Indulus
417 2485 526 2562 cupiti,
547 2485 595 2541 sic
616 2486 705 2558 repiu
726 2488 810 2542 tecta
829 2485 966 2564 audibat,

260 2590 433 2668 Horridus,
457 2587 726 2666 Herculeoque
746 2609 872 2650 umeros
894 2594 1037 2650 innesus
1058 2591 1184 2650 amictu.

176 2695 303 2761 Deinde
326 2716 387 2758 nou
408 2695 478 2760 sine
500 2695 662 2757 subtiliore
685 2715 785 2758 causa
807 2697 940 2759 Aeneas
963 2697 1012 2772 V,
1036 2697 1118 2762 351:

259 2803 315 2866 Sic
334 2806 425 2880 fatus
446 2807 601 2878 terpum
624 2803 758 2865 Gaetuli
776 2809 903 2865 inmane
925 2804 1067 2865 leonis

261 2912 331 2973 Dat
350 2908 449 2980 Salio,
472 2911 557 2970 villis
577 2929 744 2971 onerosum
767 2913 870 2991 adque
890 2913 1055 2989 tenporibus
1077 2913 1194 2972 auras.

177 3016 256 3079 Salii
284 3016 366 3078 enim
396 3016 498 3090 (carius
526 3018 633 3097 gentis
655 3018 718 3081 hoc
747 3018 818 3081 loco
848 3023 943 3102 quasi
971 3029 1133 3085 auctorem
1159 3018 1327 3080 informare
1350 3016 1419 3077 uult

176 3123 279 3204 ipsum
303 3123 438 3196 Salium,
463 3124 610 3205 quamvis
632 3144 672 3187 ea
696 3134 810 3206 postea
831 3130 1005 3207 appareat)
1023 3127 1115 3211 VIII,
1140 3125 1212 3188 255.
1235 3120 1420 3186 sacerdotes

175 3231 324 3295 Herculis
345 3233 386 3297 ad
413 3254 500 3297 araur
523 3215 693 3298 maximam
725 3247 817 3316 sunt,
846 3239 951 3319 ibique
976 3239 1120 3321 populeis
1149 3236 1273 3300 coronis
1304 3235 1416 3298 ornati.

175 3341 366 3405 Herculeam
391 3341 525 3422 denique
547 3343 696 3405 virtutem
718 3343 886 3429 designat,
919 3349 1001 3428 quod
1025 3349 1087 3432 IX,
1106 3346 1183 3410 ³06:

257 3452 326 3513 Dat
343 3451 426 3512 Niso
446 3451 639 3514 Mnestheus
657 3454 805 3532 pellem
826 3456 1048 3537 horrentisque
1071 3459 1205 3518 leonis
1253 3464 1255 3467 ’

257 3558 417 3619 Eauoias.
457 3582 463 3605 ι
515 3562 517 3566 ’

239 3663 288 3727 ,2.
328 3666 463 3728 Praeter
487 3667 573 3730 huuc
599 3669 700 3736 leonis
729 3671 783 3752 qui
812 3672 862 3735 alii
895 3680 1063 3734 occurrunt
1092 3669 1194 3751 pelles
1222 3684 1333 3731 omnes
1355 3661 1416 3725 nisi

175 3773 268 3838 fallor
294 3775 333 3836 ad
361 3778 561 3839 venationem
590 3789 841 3861 venatorumque
863 3780 1001 3842 habiturn
1022 3788 1095 3841 suut
1114 3776 1282 3842 referendi.
1326 3771 1437 3861 'Ialis

175 3885 290 3948 Venus
313 3887 481 3948 venatricis
502 3887 613 3950 habitu
635 3890 766 3951 Aeneae
788 3888 886 3951 obvia
905 3891 933 3971 Ι,
955 3887 1026 3951 aas
1049 3888 1173 3969 quaerit
1179 3900 1252 3969 ,an
1272 3899 1418 3947 sororum

176 3990 312 4071 aliquam
336 3990 487 4054 viderint:

259 4099 464 4162 Succinctum
482 4103 637 4181 pltarelru
658 4111 690 4165 et
708 4105 889 4166 maculosae
910 4108 1085 4181 leomine
1109 4102 1253 4180 lyncis.

176 4223 227 4285 Ita
247 4221 419 4305 Camillae,
441 4245 524 4308 quae
544 4227 668 4290 Dianae
689 4237 815 4292 sacrata
837 4236 905 4310 est,
928 4246 1012 4310 quae
1033 4227 1091 4304 XI,
1114 4225 1190 4289 780.
1210 4226 1298 4299 oirpo
1315 4239 1416 4281 oena-

177 4335 247 4392 tria
267 4333 459 4414 appellatur,
488 4335 571 4410 576ει

259 4439 326 4501 Pro
347 4443 464 4504 annali
483 4464 572 4521 auro,
591 4463 650 4523 pro
671 4445 785 4522 hnpae
804 4449 940 4522 teqmine
956 4440 1073 4521 pallae,
1164 4476 1170 4499 2

264 4549 447 4625 Tipridia
465 4555 636 4612 esaeiae
652 4570 712 4628 per
732 4552 861 4611 dorsum
883 4572 904 4611 a
923 4551 1041 4611 vertice
1058 4547 1205 4626 pendent.
1222 4532 1225 4541 ¹

176 4677 226 4740 Ita
246 4676 408 4762 Evander,
431 4679 522 4743 cuius
542 4678 678 4740 maiores
700 4677 798 4760 VIII,
819 4676 891 4740 318.
912 4681 996 4739 rami
1015 4679 1117 4756 adque
1137 4693 1232 4753 asper
1251 4677 1338 4734 nictu
1357 4690 1417 4733 oe-

176 4790 275 4847 natas
296 4787 457 4850 abiatra
478 4785 595 4870 divina,
617 4804 712 4853 sacro
732 4784 883 4849 Herculis
903 4791 1035 4866 peracto
1048 4783 1126 4852 367.
1147 4783 1320 4845 intectum
