3022 5234
578 237 633 297 lle
653 233 923 296 vestimentis.

216 420 332 482 statar
349 424 384 480 in
403 422 541 496 eyreyiia
562 417 716 478 Arcentis
733 418 822 497 filins
844 421 955 487 armis,

217 530 331 590 Pictnc
352 549 414 589 acu
437 528 633 604 chlamydem
655 535 685 587 et
702 529 870 606 ferruyine
892 528 1001 586 clarus
1023 527 1154 588 Hibera.

137 635 295 699 Chloreus
316 636 367 697 ille
385 639 556 713 pereyrino
573 621 739 713 (erruqine
761 637 871 696 clarae
892 643 924 695 et
942 642 1028 696 aetra
1050 635 1127 713 (ΧΙ,
1146 634 1235 710 ne.)
1258 635 1339 701 775:

261 745 339 805 Tum
362 763 505 804 croceam
527 744 785 822 chlamydemque
806 749 961 823 sinusque
981 749 1141 820 crepantis

217 851 392 913 Cerbereos
409 851 500 930 fulco
521 854 554 909 in
576 852 692 909 nodum
714 850 888 927 colleyerat
906 871 994 911 auro.

136 982 294 1044 Creeeum
323 982 459 1044 colorem
488 984 551 1042 iam
582 980 751 1060 tetigimus.
805 982 978 1044 Militarem
1016 983 1111 1045 etiam
1140 984 1240 1045 luisse
1272 983 1377 1060 medo,

136 1097 228 1171 qu'am
251 1088 434 1150 ductoribus
455 1089 548 1148 navis
569 1088 709 1147 victricis
733 1088 862 1148 Aeneas
884 1089 927 1162 V,
951 1089 1023 1150 250.
1047 1090 1160 1155 donat:

222 1199 344 1257 Victori
366 1196 563 1273 chlamydem
586 1201 741 1266 auratam,
766 1215 860 1273 quam
879 1196 1031 1272 pluruma
1053 1202 1176 1259 circum

165 1280 169 1286 ¹
215 1305 369 1382 Purpura
392 1304 570 1364 Maeandro
593 1304 716 1380 duplici
737 1304 893 1363 Meliboea
915 1309 1071 1385 cucurrit,

216 1412 429 1489 luteciaeque
446 1430 528 1487 puer
546 1411 701 1488 frondosa
720 1413 829 1484 reqins
851 1410 913 1468 Ida
1091 1388 1096 1397 Ι

224 1519 348 1578 Velocie
369 1518 473 1577 iaculo
495 1536 604 1576 cereas
626 1535 785 1594 cursuque
803 1518 934 1597 sompni,

216 1625 313 1692 Acer.
337 1626 506 1684 anhelanti
525 1627 640 1685 similis
642 1669 838 1688 .......

135 1735 210 1795 Non
245 1732 468 1817 Ganymedem
503 1738 542 1797 ab
567 1737 670 1817 aquila
704 1746 827 1816 raptum
856 1740 890 1798 in
931 1740 1144 1798 monumentis
1182 1737 1310 1800 obvium
1346 1736 1378 1798 in

134 1843 186 1904 illa
208 1841 375 1924 chlamyde
390 1844 543 1905 intextum
565 1843 667 1904 fuisse
687 1845 831 1923 arbitror,
859 1846 920 1906 sed
942 1855 1061 1906 venatu
1084 1855 1286 1929 occupatum,
1317 1867 1378 1908 an·

134 1951 300 2014 halantem.
343 1951 528 2014 Collatinnis
557 1954 587 2013 in
616 1951 742 2014 modum
770 1963 802 2014 et
829 1954 975 2033 poeticae
1003 1956 1116 2033 copiae
1138 1954 1244 2033 gratia
1263 1953 1377 2016 deinde

135 2077 254 2122 versus
275 2059 460 2120 aet-ast.
482 2058 646 2131 adduntur,
670 2067 702 2120 et
722 2078 827 2120 sermo
851 2060 996 2141 obliquus
1019 2079 1049 2118 v.
1070 2060 1153 2142 256„
1177 2062 1270 2141 plane
1290 2062 1378 2122 utin

135 2168 281 2249 genuinis
304 2167 602 2248 comparationibus,
622 2167 651 2226 in
674 2177 795 2228 rectum
818 2170 940 2232 transit.
991 2167 1145 2246 chlamys
1163 2186 1241 2230 vero
1262 2174 1378 2230 aurata

135 2275 164 2337 h.
188 2275 206 2339 Ι.
230 2283 262 2335 ul
286 2273 376 2348 Vlll,
403 2274 476 2337 167:
505 2294 583 2334 auro
605 2278 793 2347 intertemta,
826 2272 949 2357 Georg.
971 2276 1012 2352 ΙΙ,
1046 2275 1124 2339 tat:
1152 2277 1277 2336 inlusae
1298 2296 1377 2335 auro

134 2388 250 2462 aester,
272 2390 307 2441 ut
328 2380 410 2459 apud
425 2383 554 2442 Sueton.
570 2380 689 2440 Neron.
710 2379 760 2440 25.
783 2382 872 2441 Nero
897 2383 947 2442 nin
967 2391 1061 2443 veste
1083 2402 1238 2462 purpurea
1260 2381 1377 2443 distin·

136 2499 252 2572 utaque
274 2492 375 2552 stellis
398 2495 502 2550 aureis
525 2486 724 2567 chlamyde.“
775 2488 879 2570 Calig.
909 2490 964 2553 19:
994 2490 1211 2570 „insignisque
1240 2509 1378 2570 qucrnea

135 2619 254 2662 corona
276 2608 308 2660 et
337 2606 425 2659 cetra
454 2605 486 2657 et
511 2596 616 2678 gladio
638 2612 798 2678 aureaque
820 2595 1023 2677 chlarnyde.“
1057 2598 1176 2658 Verum
1199 2597 1282 2658 enim
1297 2616 1376 2657 vero

135 2707 275 2767 tortasse
297 2707 427 2782 saepius
448 2703 550 2766 animo
575 2703 706 2783 Vergilii
736 2702 817 2763 haec
846 2703 1016 2764 obversata
1044 2711 1095 2762 est
1124 2707 1246 2776 vestis,
1287 2706 1376 2765 cuius

135 2816 220 2875 sane
236 2811 467 2893 expressiorem
490 2818 523 2869 et
543 2808 730 2870 delineatam
761 2810 894 2870 formam
923 2811 1121 2891 ignoramus,
1158 2829 1251 2890 quum
1279 2815 1375 2874 toties

135 2921 176 2983 de
205 2928 300 2981 veste
329 2920 428 3000 pieta,
462 2919 632 2999 picturata,
667 2927 753 2978 ostro
781 2918 929 3000 perfusa,
959 2938 1093 3000 purpura
1124 2920 1224 3001 picta,
1259 2921 1376 2984 amictu

135 3047 289 3109 purpureo
318 3028 479 3107 loquatur,
509 3026 570 3086 nisi
598 3026 734 3105 singulis
761 3024 841 3086 locis
871 3027 911 3088 de
938 3028 1047 3089 trabea
1079 3029 1140 3087 erit
1162 3027 1375 3106 cogitandum.

137 3139 229 3217 Quae
261 3155 313 3197 res
348 3136 388 3196 ad
420 3136 660 3198 discernendum
695 3146 747 3198 est
779 3137 886 3224 ardua.
947 3139 1069 3200 Audias
1104 3147 1231 3219 poetam
1263 3139 1374 3216 ipsum.

135 3242 360 3307 Andromache
381 3242 437 3321 ΙΙΙ,
460 3241 538 3304 483:

217 3348 298 3410 Fert
316 3351 492 3426 picturatas
513 3352 588 3407 auri
608 3350 783 3408 subtemine
804 3356 906 3409 vertes

216 3459 264 3518 Ill
281 3457 459 3532 Phryyiam
480 3455 622 3517 Ascania
646 3457 852 3534 chlamydem.

135 3563 188 3625 ubi
209 3553 243 3624 ἓν
264 3552 320 3624 dcci
341 3559 432 3622 denir
452 3563 571 3643 poteris
595 3562 765 3623 adhibitum
785 3581 859 3624 esse
881 3563 1071 3626 existimare.
1126 3566 1184 3628 Sic
1211 3565 1260 3642 V,
1293 3564 1372 3627 250:

135 3673 330 3752 chlamydem
357 3680 512 3737 auratam.
562 3673 735 3733 Exercitus
765 3673 939 3733 nominatur
966 3674 1032 3750 IX,
1062 3673 1120 3737 263
1154 3677 1252 3736 Dices
1276 3679 1376 3753 pictai

134 3787 230 3845 vectis
258 3787 405 3862 atomi,
441 3783 494 3843 ubi
521 3781 560 3843 de
588 3782 754 3863 chlamyde
786 3781 908 3841 militari
936 3782 1069 3862 eogitari
1088 3782 1285 3863 aptissimum
1306 3783 1373 3844 erit.

134 3894 233 3955 Porro
255 3890 311 3967 IX,
332 3890 410 3953 614:

222 3996 316 4057 Vallis
336 4001 423 4074 picta
444 4016 534 4057 croco
555 4004 586 4056 et
603 3998 746 4077 sulqenti
766 3998 887 4054 murice
909 3999 1013 4053 vestm.

133 4103 249 4181 poterit
292 4123 434 4164 croceam
468 4104 666 4181 chlamydem
702 4102 768 4181 xl,
813 4099 883 4160 775.
921 4100 951 4161 in
993 4105 1175 4164 memoriam
1208 4121 1372 4166 revocare.

134 4211 241 4291 Quum
278 4230 356 4272 vero
400 4214 430 4273 iu
466 4210 588 4272 Placidi
625 4208 754 4272 Glossis
802 4208 945 4289 chlamys
982 4223 1117 4273 vocetur
1151 4211 1254 4273 vestis
1292 4231 1372 4293 pur-

131 4326 260 4399 purata,
297 4317 380 4398 apud
409 4318 586 4399 Vergilium
622 4336 747 4398 quoque
784 4325 976 4377 commutata
1006 4327 1056 4378 est
1083 4319 1186 4379 vestis
1215 4337 1374 4398 purpurea

130 4440 202 4484 eum
224 4423 400 4506 chlamyde.
450 4429 500 4488 lta
527 4445 609 4507 quae
632 4427 698 4508 lu,
734 4425 801 4486 137.
824 4424 957 4486 Sidonia
978 4427 1136 4507 chlamys,
1166 4423 1371 4495 eadem139.

126 4554 292 4613 purpurea
313 4542 417 4597 vestie
454 4536 521 4608 (Cf.
538 4539 610 4619 xit,
632 4536 706 4596 602.
727 4536 856 4618 reginae
873 4554 1053 4613 purpureos
1076 4535 1237 4606 amictus.)
1269 4531 1370 4595 chlo-

128 4660 217 4722 reus,
241 4642 294 4722 qni
315 4642 375 4718 Xl,
395 4641 465 4703 775.
488 4661 630 4702 croceam
653 4641 849 4718 chlamydem
876 4639 1004 4700 indutus
1026 4646 1089 4715 est,
1110 4634 1179 4700 772.
1198 4643 1369 4714 pereyrinn

127 4749 301 4831 appellatur
325 4752 494 4829 serruyine
522 4751 631 4827 clarus
653 4756 685 4810 et
703 4756 807 4828 cetra,
841 4765 1019 4830 quanquam
1041 4745 1084 4806 ibi
1105 4762 1231 4828 quoque
1252 4744 1293 4809 de
1312 4754 1367 4812 lu-
