3022 5234
621 234 681 317 De·
703 236 815 319 settass

179 447 334 508 Attonitis
351 443 482 502 inicians
506 444 631 511 animis,
656 449 694 501 ut
713 445 823 519 reqius
844 449 929 502 ostro

185 553 275 612 Velut
296 551 426 609 bonos
444 526 522 608 levia
543 530 680 609 umeros.

96 659 341 743 Vergilionem
364 655 511 717 norimus
533 656 596 717 aiia
618 660 714 718 etiam
739 661 909 719 occasione
931 654 1055 737 publica
1090 657 1195 718 oblata
1228 664 1340 735 poste-

95 774 181 830 riore
203 774 310 828 aetate
341 769 372 826 in
405 782 465 825 usu
501 763 602 824 inisse
631 764 789 846 trabeam,
825 768 857 825 in
888 766 955 826 Iani
992 765 1109 844 templo
1150 763 1340 826 reciudendo

94 874 171 953 vlt,
193 872 271 934 612:

178 983 254 1058 Ipse
277 978 442 1054 Quirinali
461 979 600 1038 trudeu
623 970 940 1056 oinctupue'Gubirro

177 1090 323 1162 lrrsiqnie
345 1091 470 1144 reserat
489 1085 657 1143 stridentia
679 1084 789 1142 limina
812 1082 937 1142 consul.

97 1178 190 1276 quem
223 1193 326 1251 Iocum
365 1187 503 1268 explicat
534 1187 674 1249 Isidorus
697 1188 791 1260 XIX,
812 1186 865 1266 24,
888 1187 925 1248 8:
973 1188 1119 1249 „Trabea
1140 1195 1208 1249 erat
1236 1195 1336 1271 togae

95 1299 223 1380 species
246 1318 287 1359 ex
308 1316 447 1377 purpura
471 1305 502 1358 et
524 1313 632 1376 coeco,
664 1315 726 1377 quo
754 1286 866 1376 operti
882 1297 1098 1369 Romanorum
1123 1315 1218 1380 reges
1248 1297 1336 1359 initio

95 1405 319 1488 procedebant.
363 1405 456 1466 Hanc
484 1404 616 1484 primum
645 1404 803 1466 Romulus
837 1402 1042 1467 adinvenisse
1068 1404 1268 1487 perhibetur,
1300 1402 1341 1466 ad

96 1516 323 1578 discretionem
345 1532 456 1595 regum
480 1513 637 1574 habitusu
661 1519 694 1573 et
718 1520 746 1588 s.
768 1511 804 1576 7:
837 1511 996 1593 „Cinctus
1013 1509 1158 1575 Gabinus
1183 1519 1245 1593 est,
1268 1529 1341 1574 cum

95 1628 140 1686 ita
160 1624 329 1702 imponitur
350 1628 438 1703 toga,
460 1627 495 1681 ut
518 1630 615 1703 togae
636 1621 766 1702 lacinia,
790 1638 873 1700 quae
895 1631 1087 1701 postsecus
1110 1621 1262 1702 reiicitur,
1284 1630 1339 1683 at·

95 1730 227 1792 trahitur
249 1727 289 1790 ad
311 1737 442 1809 peetuS,
474 1727 518 1790 ita
553 1736 588 1788 ut
619 1746 660 1788 ex
687 1735 821 1808 utroquo
849 1729 949 1788 latere
971 1745 1012 1787 ex
1032 1727 1172 1788 humeris
1193 1730 1337 1810 picturae

95 1837 264 1919 pendeant,
288 1844 321 1896 ut
341 1839 528 1900 sacerdotes
550 1838 713 1919 gentilium
737 1837 906 1916 iaciebant,
930 1847 984 1897 aut
1007 1836 1216 1916 cingebantur
1239 1846 1336 1918 prae·
1448 1910 1452 1920 ¹

97 1942 220 2010 tores.“
255 1946 390 2006 Servius
421 1945 525 2007 addit:
567 1945 666 2026 „Hoc
687 1953 792 2006 antem
823 1944 1008 2005 vestimenti
1034 1961 1156 2026 genere
1180 1945 1339 2008 'utebatur

98 2053 211 2117 consul
237 2053 321 2114 bcIIa
341 2051 524 2132 indIcturus,
554 2050 626 2112 ideo
655 2054 737 2132 quia*
758 2069 829 2112 oum
861 2049 955 2113 Gabii
989 2051 1187 2131 Campaniae
1218 2052 1336 2114 civitas
1396 2042 1403 2055 ’

96 2167 200 2226 sacris
223 2166 415 2242 operaretur,
439 2157 554 2217 bellum
576 2156 682 2217 subito
705 2159 823 2218 evenit.
839 2157 930 2219 'I'unc
951 2157 1044 2218 ciues
1063 2157 1156 2218 cInoti
1178 2158 1340 2240 togissnis

98 2271 137 2333 ab
162 2273 227 2331 aris
249 2267 291 2329 ad
312 2265 395 2326 bella
415 2263 549 2344 proiecti
570 2270 644 2324 sunt
676 2272 707 2324 et
735 2262 842 2343 adepti
872 2263 1069 2327 victoriam.“
1113 2263 1213 2325 Picus
1242 2268 1338 2326 etiam

94 2379 159 2442 VII
165 2423 176 2461 ,
206 2376 281 2440 187:
476 2374 480 2379 ’

178 2491 255 2566 Ipse
278 2486 440 2562 Quirinali
459 2486 536 2546 lit-uo
555 2503 722 2563 parvoque
741 2484 869 2543 sedebat

175 2600 372 2661 Succinctus
394 2598 503 2657 trabea
524 2596 676 2673 lucraque
697 2592 801 2652 ancile
820 2591 959 2667 peretot.
980 2598 983 2603 '

686 2837 771 2931 §.⁷-

613 3002 672 3056 lie
700 3000 816 3055 seila.

176 3179 251 3241 Non
280 3176 419 3237 trabeam
441 3175 559 3252 solnm,
591 3170 650 3232 sed
679 3169 870 3230 oisellum
901 3171 994 3245 repni
1015 3167 1162 3228 hatinnm
1184 3158 1245 3241 Xl,
1267 3155 1339 3220 334·

94 3281 223 3342 misisse
244 3275 442 3356 audivimus,
473 3291 567 3353 quam
597 3269 735 3333 curulem
758 3286 848 3348 esse,
879 3280 1137 3349 magnopereque
1159 3285 1178 3326 a
1198 3263 1342 3343 ξεστοῖσι

93 3381 236 3448 λίθοισιν
258 3377 337 3468 ἱερῷ
367 3375 413 3442 ἐνὶ
434 3366 538 3459 κύκλῳ
559 3377 742 3439 Homericis
766 3373 894 3436 differre
912 3372 1001 3454 pueri
1018 3350 1085 3432 iere
1103 3371 1221 3434 vident.
1250 3364 1343 3434 Ha'ec

94 3497 173 3559 reIIa
206 3511 301 3577 quum
330 3493 368 3553 iis
398 3491 521 3553 Romae
548 3488 786 3561 attribueretur,
823 3481 874 3563 qui
906 3479 1083 3560 triumphali
1105 3497 1200 3541 curru
1220 3482 1342 3541 invecti

94 3606 249 3683 fuissent,
282 3610 318 3662 nt
339 3601 475 3675 Servius
498 3602 604 3658 monet
627 3592 687 3673 (ci.
711 3592 783 3653 Liv.
806 3590 850 3671 X,
872 3588 924 3661 ⁷):
947 3588 1091 3668 apposite
1112 3587 1248 3650 Romani
1269 3606 1340 3650 eam

93 3712 221 3796 regibus
244 3709 414 3781 mIserunt,
445 3724 526 3788 *quos
549 3703 687 3767 amicitia
708 3699 768 3762 sibi
789 3699 916 3760 iunctos
939 3696 1123 3757 consulibus
1145 3703 1177 3757 et
1197 3700 1342 3778 impera-

93 3817 214 3879 toribus
235 3820 305 3877 snis
328 3815 480 3894 aequales
501 3811 688 3873 habuerunt.
727 3809 803 3869 'Iria
825 3805 856 3866 in
878 3809 1021 3884 promptu
1043 3810 1117 3864 sunt
1131 3798 1225 3863 huius
1243 3801 1340 3863 moris

93 3927 248 4008 exempla.
289 3925 406 4007 [regati
434 3925 516 3983 enim
546 3919 587 3980 ad
619 3916 803 4000 Syphacem
835 3911 971 3994 proiecti
1000 3907 1085 3989 apud
1108 3908 1180 3970 Iria.
1200 3910 1342 3985 XXVII,

93 4036 128 4097 4:
164 4032 267 4094 adona
302 4032 402 4093 tulere
439 4038 546 4113 togam
581 4035 614 4087 et
640 4025 782 4086 tunIcam
811 4037 1019 4102 purpuream,
1051 4017 1192 4077 sellam
1223 4015 1342 4077 ebur-

92 4162 203 4206 neam
222 4176 263 4187 -
281 4160 341 4195 —u
364 4148 397 4200 ct
418 4138 603 4199 Ptolemaeo
627 4129 716 4213 aregi
738 4137 845 4210 togam
862 4139 895 4189 et
913 4126 1048 4187 tunicam
1069 4143 1255 4205 purpuream
1271 4141 1342 4185 cum

92 4252 200 4313 sella
221 4249 424 4311 eburneam
449 4244 559 4319 xhu,
589 4241 643 4302 14:
680 4238 833 4299 ”Eumeni
860 4252 940 4296 vero
970 4233 1161 4313 conspiratio
1182 4231 1341 4294 adversus

98 4373 170 4417 eum
193 4353 349 4434 [Persea]
373 4353 518 4414 favorem
540 4346 625 4429 apud
645 4344 809 4407 Romanos
833 4343 908 4404 fecit
915 4358 925 4422 3
951 4341 995 4401 ita
1024 4337 1186 4399 omnes'ei
1205 4337 1341 4396 honores

97 4468 212 4546 habiti,
246 4466 390 4545 donaque
412 4445 506 4544 quam
534 4455 728 4541 amplissima
756 4455 830 4518 data
859 4472 931 4515 oum
956 4442 1062 4514 seiri
1090 4446 1219 4511 curuli
1246 4450 1341 4526 atque

99 4574 237 4638 eburneo
249 4569 436 4654 'scipione;“
450 4565 453 4571 ’
1326 4562 1329 4567 ’
1343 4551 1350 4561 ’

182 4674 278 4764 Apud
291 4678 466 4764 VergiIInm
481 4693 560 4738 vero
572 4675 654 4736 haec
667 4673 747 4734 sella
762 4667 878 4733 totiens
894 4668 960 4729 fere
975 4664 1176 4746 conspicitur,
1199 4662 1343 4745 quotiens

97 4793 212 4853 solium
233 4788 419 4854 nominatur.
470 4783 631 4868 (Lydda
652 4781 794 4863 magIstr.
815 4779 852 4843 Ρ.
879 4775 919 4839 n.
939 4777 971 4848 I,
1000 4773 1036 4837 7:
1070 4758 1133 4831 Τὸν
1154 4765 1193 4832 δὲ
1211 4757 1339 4854 θρόνονΙ
