<?xml version="1.0" encoding="UTF-8"?>
<!DOCTYPE html PUBLIC "-//W3C//DTD XHTML 1.0 Transitional//EN"
    "http://www.w3.org/TR/xhtml1/DTD/xhtml1-transitional.dtd">
<html xmlns="http://www.w3.org/1999/xhtml" xml:lang="en" lang="en">
 <head>
  <title>
</title>
<meta http-equiv="Content-Type" content="text/html;charset=utf-8" />
  <meta name='ocr-system' content='tesseract 3.04.00' />
  <meta name='ocr-capabilities' content='ocr_page ocr_carea ocr_par ocr_line ocrx_word'/>
</head>
<body>
  <div class='ocr_page' id='page_1' title='image "./antiquitatesver00lersgoog_0296.png"; bbox 0 0 3022 5234; ppageno 0'>
   <div class='ocr_carea' id='block_1_1' title="bbox 605 241 1365 331">
    <p class='ocr_par' dir='ltr' id='par_1_1' title="bbox 605 241 1365 331">
     <span class='ocr_line' id='line_1_1' title="bbox 605 241 1365 331; baseline 0.008 -28"><span class='ocrx_word' id='word_1_1' title='bbox 605 242 660 304; x_wconf 87' lang='lat' dir='ltr'>De</span> <span class='ocrx_word' id='word_1_2' title='bbox 681 241 905 331; x_wconf 80' lang='lat' dir='ltr'>{uueribus</span> <span class='ocrx_word' id='word_1_3' title='bbox 1304 245 1365 309; x_wconf 77' lang='lat' dir='ltr'>att</span> 
     </span>
    </p>
   </div>
   <div class='ocr_carea' id='block_1_2' title="bbox 127 423 1367 1481">
    <p class='ocr_par' dir='ltr' id='par_1_2' title="bbox 128 423 1367 1136">
     <span class='ocr_line' id='line_1_2' title="bbox 132 423 1367 510; baseline 0.002 -25"><span class='ocrx_word' id='word_1_4' title='bbox 132 423 336 488; x_wconf 80' lang='lat' dir='ltr'>CARPl&#39;l&#39;O.</span> <span class='ocrx_word' id='word_1_5' title='bbox 386 425 489 485; x_wconf 86' lang='lat' dir='ltr'>Varro</span> <span class='ocrx_word' id='word_1_6' title='bbox 516 424 553 486; x_wconf 83' lang='lat' dir='ltr'>ir.</span> <span class='ocrx_word' id='word_1_7' title='bbox 582 443 611 505; x_wconf 85' lang='lat' dir='ltr'>p.</span> <span class='ocrx_word' id='word_1_8' title='bbox 640 424 718 490; x_wconf 78' lang='lat'>374:</span> <span class='ocrx_word' id='word_1_9' title='bbox 762 425 875 508; x_wconf 64' lang='lat' dir='ltr'>„dieis</span> <span class='ocrx_word' id='word_1_10' title='bbox 909 426 1058 489; x_wconf 84' lang='lat' dir='ltr'>mulieres</span> <span class='ocrx_word' id='word_1_11' title='bbox 1085 431 1117 488; x_wconf 88' lang='lat' dir='ltr'>iu</span> <span class='ocrx_word' id='word_1_12' title='bbox 1144 429 1308 510; x_wconf 78' lang='lat' dir='ltr'><strong>exsequiis</strong></span> <span class='ocrx_word' id='word_1_13' title='bbox 1334 439 1367 488; x_wconf 91' lang='lat' dir='ltr'>et</span> 
     </span>
     <span class='ocr_line' id='line_1_3' title="bbox 129 531 1366 618; baseline 0.003 -23"><span class='ocrx_word' id='word_1_14' title='bbox 129 535 215 597; x_wconf 89' lang='lat' dir='ltr'>luctu</span> <span class='ocrx_word' id='word_1_15' title='bbox 236 534 306 595; x_wconf 86' lang='lat' dir='ltr'>ides</span> <span class='ocrx_word' id='word_1_16' title='bbox 327 535 437 596; x_wconf 87' lang='lat' dir='ltr'>solitas</span> <span class='ocrx_word' id='word_1_17' title='bbox 458 551 514 594; x_wconf 86' lang='lat' dir='ltr'>cra</span> <span class='ocrx_word' id='word_1_18' title='bbox 535 531 691 613; x_wconf 83' lang='lat' dir='ltr'>lacerare,</span> <span class='ocrx_word' id='word_1_19' title='bbox 720 543 753 595; x_wconf 91' lang='lat' dir='ltr'>ut</span> <span class='ocrx_word' id='word_1_20' title='bbox 773 535 929 618; x_wconf 80' lang='lat' dir='ltr'>sanguine</span> <span class='ocrx_word' id='word_1_21' title='bbox 950 541 1080 596; x_wconf 86' lang='lat' dir='ltr'>ostenso</span> <span class='ocrx_word' id='word_1_22' title='bbox 1102 535 1212 596; x_wconf 82' lang='lat' dir='ltr'>inferis</span> <span class='ocrx_word' id='word_1_23' title='bbox 1231 537 1366 600; x_wconf 84' lang='lat' dir='ltr'>satisfa-</span> 
     </span>
     <span class='ocr_line' id='line_1_4' title="bbox 129 639 1365 728; baseline 0.001 -23"><span class='ocrx_word' id='word_1_24' title='bbox 129 639 250 706; x_wconf 79' lang='lat' dir='ltr'>ciant.“</span> <span class='ocrx_word' id='word_1_25' title='bbox 293 642 426 704; x_wconf 87' lang='lat' dir='ltr'>Silentio</span> <span class='ocrx_word' id='word_1_26' title='bbox 446 650 628 722; x_wconf 81' lang='lat' dir='ltr'>praetereo,</span> <span class='ocrx_word' id='word_1_27' title='bbox 652 639 738 722; x_wconf 88' lang='lat' dir='ltr'>quod</span> <span class='ocrx_word' id='word_1_28' title='bbox 758 657 870 703; x_wconf 89' lang='lat' dir='ltr'>comae</span> <span class='ocrx_word' id='word_1_29' title='bbox 893 642 923 703; x_wconf 90' lang='lat' dir='ltr'>in</span> <span class='ocrx_word' id='word_1_30' title='bbox 943 642 1031 704; x_wconf 91' lang='lat' dir='ltr'>luctu</span> <span class='ocrx_word' id='word_1_31' title='bbox 1051 642 1184 723; x_wconf 82' lang='lat' dir='ltr'>pulvere</span> <span class='ocrx_word' id='word_1_32' title='bbox 1204 662 1365 728; x_wconf 85' lang='lat' dir='ltr'>spargan-</span> 
     </span>
     <span class='ocr_line' id='line_1_5' title="bbox 128 749 1362 830; baseline 0.002 -21"><span class='ocrx_word' id='word_1_33' title='bbox 128 759 180 821; x_wconf 85' lang='lat' dir='ltr'>tur</span> <span class='ocrx_word' id='word_1_34' title='bbox 210 751 314 825; x_wconf 80' lang='lat' dir='ltr'>(Aen.</span> <span class='ocrx_word' id='word_1_35' title='bbox 334 752 377 826; x_wconf 87' lang='lat' dir='ltr'>X,</span> <span class='ocrx_word' id='word_1_36' title='bbox 398 751 469 811; x_wconf 72' lang='lat'>844.</span> <span class='ocrx_word' id='word_1_37' title='bbox 492 750 576 821; x_wconf 88' lang='lat' dir='ltr'>Xll,</span> <span class='ocrx_word' id='word_1_38' title='bbox 600 749 701 829; x_wconf 85' lang='grc' dir='ltr'>6ΙΙ.),</span> <span class='ocrx_word' id='word_1_39' title='bbox 729 752 874 830; x_wconf 85' lang='lat' dir='ltr'>exemplo</span> <span class='ocrx_word' id='word_1_40' title='bbox 896 752 1037 813; x_wconf 84' lang='lat' dir='ltr'>lortssse</span> <span class='ocrx_word' id='word_1_41' title='bbox 1061 751 1178 813; x_wconf 75' lang='lat' dir='ltr'>Priami</span> <span class='ocrx_word' id='word_1_42' title='bbox 1200 751 1362 814; x_wconf 77' lang='lat' dir='ltr'><strong>Homerici</strong></span> 
     </span>
     <span class='ocr_line' id='line_1_6' title="bbox 129 845 1365 939; baseline -0.002 -19"><span class='ocrx_word' id='word_1_43' title='bbox 129 858 304 938; x_wconf 85' lang='lat' dir='ltr'>desumpto,</span> <span class='ocrx_word' id='word_1_44' title='bbox 325 856 385 918; x_wconf 90' lang='lat' dir='ltr'>sed</span> <span class='ocrx_word' id='word_1_45' title='bbox 405 865 577 918; x_wconf 86' lang='lat' dir='ltr'>memoratu</span> <span class='ocrx_word' id='word_1_46' title='bbox 598 845 737 939; x_wconf 83' lang='lat' dir='ltr'>dignum,</span> <span class='ocrx_word' id='word_1_47' title='bbox 758 851 841 939; x_wconf 86' lang='lat' dir='ltr'>quod</span> <span class='ocrx_word' id='word_1_48' title='bbox 863 857 948 938; x_wconf 86' lang='lat' dir='ltr'>apud</span> <span class='ocrx_word' id='word_1_49' title='bbox 962 859 1137 922; x_wconf 86' lang='lat' dir='ltr'>Homerum</span> <span class='ocrx_word' id='word_1_50' title='bbox 1158 852 1365 934; x_wconf 73' lang='lat' dir='ltr'>contegitur,</span> 
     </span>
     <span class='ocr_line' id='line_1_7' title="bbox 130 963 574 1045; baseline 0.002 -21"><span class='ocrx_word' id='word_1_51' title='bbox 130 975 241 1027; x_wconf 87' lang='lat' dir='ltr'>vestes</span> <span class='ocrx_word' id='word_1_52' title='bbox 262 963 377 1045; x_wconf 82' lang='lat' dir='ltr'>scindi,</span> <span class='ocrx_word' id='word_1_53' title='bbox 397 964 472 1041; x_wconf 83' lang='lat' dir='ltr'>Xll,</span> <span class='ocrx_word' id='word_1_54' title='bbox 494 964 574 1026; x_wconf 81' lang='lat'><strong>609:</strong></span> 
     </span>
     <span class='ocr_line' id='line_1_8' title="bbox 625 1075 1119 1136; baseline 0 -3"><span class='ocrx_word' id='word_1_55' title='bbox 625 1076 659 1134; x_wconf 79' lang='grc' dir='ltr'>ΙΙ</span> <span class='ocrx_word' id='word_1_56' title='bbox 678 1078 815 1134; x_wconf 83' lang='lat' dir='ltr'>scissa</span> <span class='ocrx_word' id='word_1_57' title='bbox 836 1082 946 1136; x_wconf 86' lang='lat' dir='ltr'>ceste</span> <span class='ocrx_word' id='word_1_58' title='bbox 971 1075 1119 1136; x_wconf 82' lang='lat' dir='ltr'>Latinus.</span> 
     </span>
    </p>

    <p class='ocr_par' dir='ltr' id='par_1_3' title="bbox 127 1180 960 1260">
     <span class='ocr_line' id='line_1_9' title="bbox 127 1180 960 1260; baseline 0 -15"><span class='ocrx_word' id='word_1_59' title='bbox 127 1183 250 1245; x_wconf 87' lang='lat' dir='ltr'>Nuntio</span> <span class='ocrx_word' id='word_1_60' title='bbox 272 1180 313 1244; x_wconf 87' lang='lat' dir='ltr'>de</span> <span class='ocrx_word' id='word_1_61' title='bbox 334 1182 469 1244; x_wconf 88' lang='lat' dir='ltr'>navibus</span> <span class='ocrx_word' id='word_1_62' title='bbox 491 1182 666 1244; x_wconf 86' lang='lat' dir='ltr'>combustis</span> <span class='ocrx_word' id='word_1_63' title='bbox 688 1182 782 1243; x_wconf 83' lang='lat' dir='ltr'>allato</span> <span class='ocrx_word' id='word_1_64' title='bbox 804 1184 849 1260; x_wconf 90' lang='lat' dir='ltr'>V,</span> <span class='ocrx_word' id='word_1_65' title='bbox 880 1185 960 1246; x_wconf 66' lang='lat'><strong>685³</strong></span> 
     </span>
    </p>

    <p class='ocr_par' dir='ltr' id='par_1_4' title="bbox 129 1289 1361 1481">
     <span class='ocr_line' id='line_1_10' title="bbox 162 1289 1106 1368; baseline 0.004 -20"><span class='ocrx_word' id='word_1_66' title='bbox 162 1337 166 1348; x_wconf 91' lang='lat'><em>.</em></span> <span class='ocrx_word' id='word_1_67' title='bbox 214 1289 290 1352; x_wconf 80' lang='lat' dir='ltr'>Tum</span> <span class='ocrx_word' id='word_1_68' title='bbox 308 1293 385 1368; x_wconf 76' lang='lat' dir='ltr'>pius</span> <span class='ocrx_word' id='word_1_69' title='bbox 405 1290 533 1351; x_wconf 82' lang='lat' dir='ltr'>Aeneae</span> <span class='ocrx_word' id='word_1_70' title='bbox 554 1295 672 1350; x_wconf 82' lang='lat' dir='ltr'>umeris</span> <span class='ocrx_word' id='word_1_71' title='bbox 693 1292 926 1351; x_wconf 76' lang='lat' dir='ltr'><em>abscindere</em></span> <span class='ocrx_word' id='word_1_72' title='bbox 945 1297 1106 1352; x_wconf 79' lang='lat' dir='ltr'>casdem.</span> 
     </span>
     <span class='ocr_line' id='line_1_11' title="bbox 129 1393 1361 1481; baseline -0.005 -21"><span class='ocrx_word' id='word_1_73' title='bbox 129 1402 164 1461; x_wconf 87' lang='lat' dir='ltr'>ln</span> <span class='ocrx_word' id='word_1_74' title='bbox 185 1399 336 1462; x_wconf 76' lang='lat' dir='ltr'>Caesaris</span> <span class='ocrx_word' id='word_1_75' title='bbox 359 1400 471 1461; x_wconf 86' lang='lat' dir='ltr'>funere</span> <span class='ocrx_word' id='word_1_76' title='bbox 499 1398 584 1481; x_wconf 88' lang='lat' dir='ltr'>apud</span> <span class='ocrx_word' id='word_1_77' title='bbox 611 1399 744 1460; x_wconf 86' lang='lat' dir='ltr'>Suetcu.</span> <span class='ocrx_word' id='word_1_78' title='bbox 772 1399 822 1460; x_wconf 78' lang='lat' dir='ltr'>sl.</span> <span class='ocrx_word' id='word_1_79' title='bbox 843 1399 987 1460; x_wconf 81' lang='lat' dir='ltr'>tibicines</span> <span class='ocrx_word' id='word_1_80' title='bbox 1008 1406 1040 1458; x_wconf 88' lang='lat' dir='ltr'>et</span> <span class='ocrx_word' id='word_1_81' title='bbox 1061 1397 1200 1460; x_wconf 77' lang='lat' dir='ltr'>scaenici</span> <span class='ocrx_word' id='word_1_82' title='bbox 1221 1393 1361 1456; x_wconf 86' lang='lat' dir='ltr'>artifices</span> 
     </span>
    </p>
   </div>
   <div class='ocr_carea' id='block_1_3' title="bbox 127 1493 1368 1815">
    <p class='ocr_par' dir='ltr' id='par_1_5' title="bbox 127 1493 1368 1815">
     <span class='ocr_line' id='line_1_12' title="bbox 127 1493 1363 1589; baseline -0.005 -21"><span class='ocrx_word' id='word_1_83' title='bbox 127 1493 255 1571; x_wconf 88' lang='lat' dir='ltr'>vestem</span> <span class='ocrx_word' id='word_1_84' title='bbox 277 1507 450 1571; x_wconf 86' lang='lat' dir='ltr'>detractam</span> <span class='ocrx_word' id='word_1_85' title='bbox 472 1509 531 1570; x_wconf 90' lang='lat' dir='ltr'>sibi</span> <span class='ocrx_word' id='word_1_86' title='bbox 552 1517 648 1589; x_wconf 87' lang='lat' dir='ltr'>atque</span> <span class='ocrx_word' id='word_1_87' title='bbox 670 1507 887 1582; x_wconf 83' lang='lat' dir='ltr'>discissam</span> <span class='ocrx_word' id='word_1_88' title='bbox 909 1506 1044 1566; x_wconf 83' lang='lat' dir='ltr'>iniecere</span> <span class='ocrx_word' id='word_1_89' title='bbox 1055 1506 1259 1568; x_wconf 81' lang='lat' dir='ltr'>flammae—</span> <span class='ocrx_word' id='word_1_90' title='bbox 1274 1502 1363 1564; x_wconf 85' lang='lat' dir='ltr'>Lau·</span> 
     </span>
     <span class='ocr_line' id='line_1_13' title="bbox 130 1607 1366 1698; baseline -0.007 -21"><span class='ocrx_word' id='word_1_91' title='bbox 130 1615 287 1678; x_wconf 89' lang='lat' dir='ltr'>dationem</span> <span class='ocrx_word' id='word_1_92' title='bbox 308 1617 432 1679; x_wconf 86' lang='lat' dir='ltr'>solitam</span> <span class='ocrx_word' id='word_1_93' title='bbox 453 1615 582 1698; x_wconf 80' lang='lat' dir='ltr'>(Polyb.</span> <span class='ocrx_word' id='word_1_94' title='bbox 605 1616 670 1696; x_wconf 87' lang='lat' dir='ltr'>Vl,</span> <span class='ocrx_word' id='word_1_95' title='bbox 692 1612 743 1689; x_wconf 85' lang='lat'>53,</span> <span class='ocrx_word' id='word_1_96' title='bbox 761 1617 808 1686; x_wconf 78' lang='lat'>2.)</span> <span class='ocrx_word' id='word_1_97' title='bbox 830 1612 965 1675; x_wconf 81' lang='lat' dir='ltr'>Pallanti</span> <span class='ocrx_word' id='word_1_98' title='bbox 998 1612 1130 1674; x_wconf 85' lang='lat' dir='ltr'>Aeneas</span> <span class='ocrx_word' id='word_1_99' title='bbox 1151 1611 1214 1686; x_wconf 79' lang='lat' dir='ltr'>xl,</span> <span class='ocrx_word' id='word_1_100' title='bbox 1233 1607 1366 1671; x_wconf 56' lang='lat' dir='ltr'>cta-58.</span> 
     </span>
     <span class='ocr_line' id='line_1_14' title="bbox 128 1717 1368 1815; baseline -0.007 -28"><span class='ocrx_word' id='word_1_101' title='bbox 128 1725 261 1805; x_wconf 80' lang='lat' dir='ltr'>perlicit.</span> <span class='ocrx_word' id='word_1_102' title='bbox 283 1754 323 1769; x_wconf 80' lang='lat'>-</span> <span class='ocrx_word' id='word_1_103' title='bbox 354 1723 404 1785; x_wconf 84' lang='lat' dir='ltr'>Ad</span> <span class='ocrx_word' id='word_1_104' title='bbox 427 1726 532 1804; x_wconf 75' lang='lat' dir='ltr'>ipsum</span> <span class='ocrx_word' id='word_1_105' title='bbox 554 1741 666 1805; x_wconf 84' lang='lat' dir='ltr'>rogum</span> <span class='ocrx_word' id='word_1_106' title='bbox 686 1723 815 1784; x_wconf 81' lang='lat' dir='ltr'>arbores</span> <span class='ocrx_word' id='word_1_107' title='bbox 837 1719 1062 1815; x_wconf 81' lang='lat' dir='ltr'>adhibebantur</span> <span class='ocrx_word' id='word_1_108' title='bbox 1082 1717 1209 1799; x_wconf 76' lang='lat' dir='ltr'>ferales,</span> <span class='ocrx_word' id='word_1_109' title='bbox 1230 1734 1368 1798; x_wconf 85' lang='lat' dir='ltr'>cupres-</span> 
     </span>
    </p>
   </div>
   <div class='ocr_carea' id='block_1_4' title="bbox 129 1828 1041 2010">
    <p class='ocr_par' dir='ltr' id='par_1_6' title="bbox 129 1828 1041 2010">
     <span class='ocr_line' id='line_1_15' title="bbox 129 1828 609 1915; baseline 0 -21"><span class='ocrx_word' id='word_1_110' title='bbox 129 1851 187 1894; x_wconf 91' lang='lat' dir='ltr'>sus</span> <span class='ocrx_word' id='word_1_111' title='bbox 207 1851 284 1915; x_wconf 84' lang='lat' dir='ltr'>prae</span> <span class='ocrx_word' id='word_1_112' title='bbox 298 1831 452 1913; x_wconf 78' lang='lat' dir='ltr'>omnibus,</span> <span class='ocrx_word' id='word_1_113' title='bbox 473 1832 530 1910; x_wconf 85' lang='grc' dir='ltr'>ΙΙΙ,</span> <span class='ocrx_word' id='word_1_114' title='bbox 552 1828 609 1894; x_wconf 63' lang='grc'>633</span> 
     </span>
     <span class='ocr_line' id='line_1_16' title="bbox 666 1935 1041 2010; baseline -0.011 -11"><span class='ocrx_word' id='word_1_115' title='bbox 666 1935 764 1999; x_wconf 79' lang='lat' dir='ltr'>Stant</span> <span class='ocrx_word' id='word_1_116' title='bbox 782 1936 935 1998; x_wconf 77' lang='lat' dir='ltr'>Manibus</span> <span class='ocrx_word' id='word_1_117' title='bbox 955 1955 1041 2010; x_wconf 85' lang='lat' dir='ltr'>crue,</span> 
     </span>
    </p>
   </div>
   <div class='ocr_carea' id='block_1_5' title="bbox 211 2027 1033 2125">
    <p class='ocr_par' dir='ltr' id='par_1_7' title="bbox 211 2027 1033 2125">
     <span class='ocr_line' id='line_1_17' title="bbox 211 2027 1033 2125; baseline 0 -16"><span class='ocrx_word' id='word_1_118' title='bbox 211 2047 376 2110; x_wconf 75' lang='lat' dir='ltr'>Caeruleis</span> <span class='ocrx_word' id='word_1_119' title='bbox 397 2027 540 2107; x_wconf 70' lang='lat' dir='ltr'>maestae</span> <span class='ocrx_word' id='word_1_120' title='bbox 556 2050 643 2107; x_wconf 76' lang='lat' dir='ltr'>cittis</span> <span class='ocrx_word' id='word_1_121' title='bbox 673 2052 805 2125; x_wconf 81' lang='lat' dir='ltr'>atraque</span> <span class='ocrx_word' id='word_1_122' title='bbox 833 2062 1033 2122; x_wconf 83' lang='lat' dir='ltr'>cupresso.</span> 
     </span>
    </p>
   </div>
   <div class='ocr_carea' id='block_1_6' title="bbox 129 2174 1395 4848">
    <p class='ocr_par' dir='ltr' id='par_1_8' title="bbox 129 2174 1395 2483">
     <span class='ocr_line' id='line_1_18' title="bbox 129 2174 1395 2267; baseline -0.005 -29"><span class='ocrx_word' id='word_1_123' title='bbox 129 2178 182 2238; x_wconf 90' lang='lat' dir='ltr'>ubi</span> <span class='ocrx_word' id='word_1_124' title='bbox 203 2179 355 2242; x_wconf 88' lang='lat' dir='ltr'>Servius:</span> <span class='ocrx_word' id='word_1_125' title='bbox 392 2179 516 2260; x_wconf 80' lang='lat' dir='ltr'>„lloris</span> <span class='ocrx_word' id='word_1_126' title='bbox 542 2185 648 2238; x_wconf 88' lang='lat' dir='ltr'>autem</span> <span class='ocrx_word' id='word_1_127' title='bbox 675 2175 811 2267; x_wconf 75' lang='lat' dir='ltr'>Romani</span> <span class='ocrx_word' id='word_1_128' title='bbox 831 2174 952 2256; x_wconf 86' lang='lat' dir='ltr'>fuerat,</span> <span class='ocrx_word' id='word_1_129' title='bbox 985 2192 1104 2237; x_wconf 88' lang='lat' dir='ltr'>ramum</span> <span class='ocrx_word' id='word_1_130' title='bbox 1125 2178 1268 2254; x_wconf 86' lang='lat' dir='ltr'>cupressi</span> <span class='ocrx_word' id='word_1_131' title='bbox 1289 2185 1363 2238; x_wconf 85' lang='lat' dir='ltr'>ante</span> <span class='ocrx_word' id='word_1_132' title='bbox 1389 2220 1395 2232; x_wconf 77' lang='grc'><em>,</em></span> 
     </span>
     <span class='ocr_line' id='line_1_19' title="bbox 130 2284 1363 2368; baseline -0.002 -20"><span class='ocrx_word' id='word_1_133' title='bbox 130 2287 254 2350; x_wconf 89' lang='lat' dir='ltr'>domum</span> <span class='ocrx_word' id='word_1_134' title='bbox 276 2288 436 2350; x_wconf 87' lang='lat' dir='ltr'>funestam</span> <span class='ocrx_word' id='word_1_135' title='bbox 459 2290 543 2368; x_wconf 83' lang='lat' dir='ltr'>poni,</span> <span class='ocrx_word' id='word_1_136' title='bbox 564 2307 605 2348; x_wconf 88' lang='lat' dir='ltr'>ue</span> <span class='ocrx_word' id='word_1_137' title='bbox 627 2287 789 2367; x_wconf 76' lang='lat' dir='ltr'>quisquam</span> <span class='ocrx_word' id='word_1_138' title='bbox 812 2287 954 2367; x_wconf 84' lang='lat' dir='ltr'>pontifex</span> <span class='ocrx_word' id='word_1_139' title='bbox 982 2305 1038 2367; x_wconf 86' lang='lat' dir='ltr'>per</span> <span class='ocrx_word' id='word_1_140' title='bbox 1059 2287 1268 2366; x_wconf 83' lang='lat' dir='ltr'>ignorantiam</span> <span class='ocrx_word' id='word_1_141' title='bbox 1290 2284 1363 2365; x_wconf 87' lang='lat' dir='ltr'>pcl-</span> 
     </span>
     <span class='ocr_line' id='line_1_20' title="bbox 130 2396 851 2483; baseline 0.006 -28"><span class='ocrx_word' id='word_1_142' title='bbox 130 2396 268 2458; x_wconf 88' lang='lat' dir='ltr'>lueretur</span> <span class='ocrx_word' id='word_1_143' title='bbox 289 2397 486 2479; x_wconf 84' lang='lat' dir='ltr'>ingressus.“</span> <span class='ocrx_word' id='word_1_144' title='bbox 528 2396 588 2478; x_wconf 89' lang='lat' dir='ltr'>Vl,</span> <span class='ocrx_word' id='word_1_145' title='bbox 610 2396 686 2459; x_wconf 76' lang='lat'>214:</span> <span class='ocrx_word' id='word_1_146' title='bbox 849 2478 851 2483; x_wconf 69' lang='lat'><em>,</em></span> 
     </span>
    </p>

    <p class='ocr_par' dir='ltr' id='par_1_9' title="bbox 213 2507 1015 2583">
     <span class='ocr_line' id='line_1_21' title="bbox 213 2507 1015 2583; baseline -0.001 -17"><span class='ocrx_word' id='word_1_147' title='bbox 213 2507 377 2583; x_wconf 82' lang='lat' dir='ltr'>Principio</span> <span class='ocrx_word' id='word_1_148' title='bbox 394 2509 547 2583; x_wconf 69' lang='lat' dir='ltr'>pinytum</span> <span class='ocrx_word' id='word_1_149' title='bbox 566 2509 698 2566; x_wconf 84' lang='lat' dir='ltr'>taedis</span> <span class='ocrx_word' id='word_1_150' title='bbox 719 2515 751 2567; x_wconf 84' lang='lat' dir='ltr'>et</span> <span class='ocrx_word' id='word_1_151' title='bbox 771 2508 911 2569; x_wconf 84' lang='lat' dir='ltr'>robore</span> <span class='ocrx_word' id='word_1_152' title='bbox 930 2511 1015 2566; x_wconf 83' lang='lat' dir='ltr'>secto</span> 
     </span>
    </p>

    <p class='ocr_par' dir='ltr' id='par_1_10' title="bbox 213 2614 1059 2693">
     <span class='ocr_line' id='line_1_22' title="bbox 213 2614 1059 2693; baseline 0 -20"><span class='ocrx_word' id='word_1_153' title='bbox 213 2615 379 2689; x_wconf 60' lang='lat' dir='ltr'>Ingentem</span> <span class='ocrx_word' id='word_1_154' title='bbox 399 2619 550 2672; x_wconf 67' lang='lat' dir='ltr'>struxere</span> <span class='ocrx_word' id='word_1_155' title='bbox 567 2631 690 2690; x_wconf 79' lang='lat' dir='ltr'>pyram,</span> <span class='ocrx_word' id='word_1_156' title='bbox 716 2618 770 2675; x_wconf 86' lang='lat' dir='ltr'>cui</span> <span class='ocrx_word' id='word_1_157' title='bbox 784 2614 955 2693; x_wconf 73' lang='lat' dir='ltr'>frondibus</span> <span class='ocrx_word' id='word_1_158' title='bbox 977 2616 1059 2673; x_wconf 84' lang='lat' dir='ltr'>utris</span> 
     </span>
    </p>

    <p class='ocr_par' dir='ltr' id='par_1_11' title="bbox 214 2720 1061 2799">
     <span class='ocr_line' id='line_1_23' title="bbox 214 2720 1061 2799; baseline 0.001 -18"><span class='ocrx_word' id='word_1_159' title='bbox 214 2724 374 2782; x_wconf 79' lang='lat' dir='ltr'>Intcsunt</span> <span class='ocrx_word' id='word_1_160' title='bbox 392 2721 503 2794; x_wconf 83' lang='lat' dir='ltr'>latera,</span> <span class='ocrx_word' id='word_1_161' title='bbox 524 2725 555 2778; x_wconf 81' lang='lat' dir='ltr'>el</span> <span class='ocrx_word' id='word_1_162' title='bbox 572 2720 727 2799; x_wconf 77' lang='lat' dir='ltr'>ferclis</span> <span class='ocrx_word' id='word_1_163' title='bbox 746 2727 820 2781; x_wconf 84' lang='lat' dir='ltr'>ante</span> <span class='ocrx_word' id='word_1_164' title='bbox 842 2739 1061 2796; x_wconf 76' lang='lat' dir='ltr'>cupressos</span> 
     </span>
    </p>

    <p class='ocr_par' dir='ltr' id='par_1_12' title="bbox 129 2828 1369 3660">
     <span class='ocr_line' id='line_1_24' title="bbox 212 2828 1117 2909; baseline -0.001 -18"><span class='ocrx_word' id='word_1_165' title='bbox 212 2829 423 2902; x_wconf 70' lang='lat' dir='ltr'>Concludunt,</span> <span class='ocrx_word' id='word_1_166' title='bbox 446 2830 658 2908; x_wconf 81' lang='lat' dir='ltr'>decorantque</span> <span class='ocrx_word' id='word_1_167' title='bbox 678 2848 775 2905; x_wconf 77' lang='lat' dir='ltr'>super</span> <span class='ocrx_word' id='word_1_168' title='bbox 790 2828 988 2909; x_wconf 65' lang='lat' dir='ltr'>sulcantibus</span> <span class='ocrx_word' id='word_1_169' title='bbox 1009 2833 1117 2890; x_wconf 84' lang='lat' dir='ltr'>armis.</span> 
     </span>
     <span class='ocr_line' id='line_1_25' title="bbox 130 2933 1366 3017; baseline 0.001 -20"><span class='ocrx_word' id='word_1_170' title='bbox 130 2936 283 2997; x_wconf 85' lang='lat' dir='ltr'>Servius:</span> <span class='ocrx_word' id='word_1_171' title='bbox 307 2934 514 3017; x_wconf 78' lang='lat' dir='ltr'>„cupressus</span> <span class='ocrx_word' id='word_1_172' title='bbox 535 2934 698 2997; x_wconf 87' lang='lat' dir='ltr'>adhibetur</span> <span class='ocrx_word' id='word_1_173' title='bbox 718 2933 759 2997; x_wconf 93' lang='lat' dir='ltr'>ad</span> <span class='ocrx_word' id='word_1_174' title='bbox 780 2933 906 3009; x_wconf 86' lang='lat' dir='ltr'>lunera,</span> <span class='ocrx_word' id='word_1_175' title='bbox 930 2935 982 2996; x_wconf 90' lang='lat' dir='ltr'>vel</span> <span class='ocrx_word' id='word_1_176' title='bbox 1003 2934 1087 3017; x_wconf 88' lang='lat' dir='ltr'>quod</span> <span class='ocrx_word' id='word_1_177' title='bbox 1110 2953 1206 2998; x_wconf 89' lang='lat' dir='ltr'>caesa</span> <span class='ocrx_word' id='word_1_178' title='bbox 1225 2956 1287 2999; x_wconf 90' lang='lat' dir='ltr'>ucn</span> <span class='ocrx_word' id='word_1_179' title='bbox 1311 2957 1366 2998; x_wconf 91' lang='lat' dir='ltr'>re-</span> 
     </span>
     <span class='ocr_line' id='line_1_26' title="bbox 131 3042 1366 3125; baseline 0.005 -21"><span class='ocrx_word' id='word_1_180' title='bbox 131 3045 272 3125; x_wconf 85' lang='lat' dir='ltr'>pullulat,</span> <span class='ocrx_word' id='word_1_181' title='bbox 295 3045 348 3105; x_wconf 87' lang='lat' dir='ltr'>vel</span> <span class='ocrx_word' id='word_1_182' title='bbox 369 3042 453 3125; x_wconf 87' lang='lat' dir='ltr'>quod</span> <span class='ocrx_word' id='word_1_183' title='bbox 472 3063 529 3124; x_wconf 89' lang='lat' dir='ltr'>par</span> <span class='ocrx_word' id='word_1_184' title='bbox 550 3063 620 3106; x_wconf 83' lang='lat' dir='ltr'>eam</span> <span class='ocrx_word' id='word_1_185' title='bbox 641 3043 804 3106; x_wconf 79' lang='lat' dir='ltr'>funestata</span> <span class='ocrx_word' id='word_1_186' title='bbox 825 3043 998 3106; x_wconf 86' lang='lat' dir='ltr'>ostenditur</span> <span class='ocrx_word' id='word_1_187' title='bbox 1008 3044 1132 3123; x_wconf 87' lang='lat' dir='ltr'>domus,</span> <span class='ocrx_word' id='word_1_188' title='bbox 1152 3047 1235 3109; x_wconf 86' lang='lat' dir='ltr'>sicut</span> <span class='ocrx_word' id='word_1_189' title='bbox 1250 3046 1366 3111; x_wconf 76' lang='lat' dir='ltr'>laetum</span> 
     </span>
     <span class='ocr_line' id='line_1_27' title="bbox 130 3149 1367 3236; baseline 0.005 -22"><span class='ocrx_word' id='word_1_190' title='bbox 130 3152 260 3214; x_wconf 83' lang='lat' dir='ltr'>frondes</span> <span class='ocrx_word' id='word_1_191' title='bbox 281 3149 417 3213; x_wconf 88' lang='lat' dir='ltr'>indicant</span> <span class='ocrx_word' id='word_1_192' title='bbox 437 3150 553 3213; x_wconf 83' lang='lat' dir='ltr'>lastae.</span> <span class='ocrx_word' id='word_1_193' title='bbox 595 3150 698 3212; x_wconf 88' lang='lat' dir='ltr'>Varro</span> <span class='ocrx_word' id='word_1_194' title='bbox 720 3159 824 3212; x_wconf 86' lang='lat' dir='ltr'>tamen</span> <span class='ocrx_word' id='word_1_195' title='bbox 847 3150 922 3214; x_wconf 88' lang='lat' dir='ltr'>dicit</span> <span class='ocrx_word' id='word_1_196' title='bbox 942 3152 994 3226; x_wconf 83' lang='lat' dir='ltr'>(ir.</span> <span class='ocrx_word' id='word_1_197' title='bbox 1015 3172 1044 3233; x_wconf 84' lang='lat' dir='ltr'>p.</span> <span class='ocrx_word' id='word_1_198' title='bbox 1065 3152 1168 3236; x_wconf 64' lang='lat'><strong>374),</strong></span> <span class='ocrx_word' id='word_1_199' title='bbox 1185 3172 1284 3235; x_wconf 85' lang='lat' dir='ltr'>pyras</span> <span class='ocrx_word' id='word_1_200' title='bbox 1295 3155 1367 3221; x_wconf 89' lang='lat' dir='ltr'>ideo</span> 
     </span>
     <span class='ocr_line' id='line_1_28' title="bbox 131 3255 1367 3342; baseline 0.004 -21"><span class='ocrx_word' id='word_1_201' title='bbox 131 3276 283 3342; x_wconf 87' lang='lat' dir='ltr'>cupresso</span> <span class='ocrx_word' id='word_1_202' title='bbox 304 3255 492 3318; x_wconf 88' lang='lat' dir='ltr'>circumdari</span> <span class='ocrx_word' id='word_1_203' title='bbox 512 3265 638 3336; x_wconf 77' lang='lat' dir='ltr'>propter</span> <span class='ocrx_word' id='word_1_204' title='bbox 658 3275 790 3339; x_wconf 85' lang='lat' dir='ltr'>gravem</span> <span class='ocrx_word' id='word_1_205' title='bbox 814 3260 955 3319; x_wconf 87' lang='lat' dir='ltr'>ustrinae</span> <span class='ocrx_word' id='word_1_206' title='bbox 977 3257 1116 3340; x_wconf 81' lang='lat' dir='ltr'>odorem,</span> <span class='ocrx_word' id='word_1_207' title='bbox 1140 3279 1180 3320; x_wconf 87' lang='lat' dir='ltr'>uc</span> <span class='ocrx_word' id='word_1_208' title='bbox 1201 3279 1240 3322; x_wconf 92' lang='lat' dir='ltr'>eo</span> <span class='ocrx_word' id='word_1_209' title='bbox 1263 3263 1367 3326; x_wconf 87' lang='lat' dir='ltr'>offen·</span> 
     </span>
     <span class='ocr_line' id='line_1_29' title="bbox 132 3353 1369 3456; baseline 0.006 -28"><span class='ocrx_word' id='word_1_210' title='bbox 132 3368 222 3429; x_wconf 87' lang='lat' dir='ltr'>datur</span> <span class='ocrx_word' id='word_1_211' title='bbox 243 3366 350 3446; x_wconf 87' lang='lat' dir='ltr'>populi</span> <span class='ocrx_word' id='word_1_212' title='bbox 370 3353 603 3425; x_wconf 80' lang='lat' dir='ltr'>circumstantis</span> <span class='ocrx_word' id='word_1_213' title='bbox 625 3361 777 3426; x_wconf 77' lang='lat' dir='ltr'>corona“</span> <span class='ocrx_word' id='word_1_214' title='bbox 821 3365 943 3429; x_wconf 82' lang='lat' dir='ltr'>Eadem</span> <span class='ocrx_word' id='word_1_215' title='bbox 968 3375 1026 3456; x_wconf 86' lang='lat' dir='ltr'>est</span> <span class='ocrx_word' id='word_1_216' title='bbox 1054 3368 1124 3428; x_wconf 86' lang='lat' dir='ltr'>sine</span> <span class='ocrx_word' id='word_1_217' title='bbox 1154 3368 1248 3432; x_wconf 85' lang='lat' dir='ltr'>dubie</span> <span class='ocrx_word' id='word_1_218' title='bbox 1272 3377 1369 3456; x_wconf 81' lang='lat' dir='ltr'>frons</span> 
     </span>
     <span class='ocr_line' id='line_1_30' title="bbox 129 3472 1368 3561; baseline 0.005 -25"><span class='ocrx_word' id='word_1_219' title='bbox 129 3477 265 3554; x_wconf 82' lang='lat' dir='ltr'>funerea</span> <span class='ocrx_word' id='word_1_220' title='bbox 287 3472 345 3550; x_wconf 91' lang='lat' dir='ltr'>lV,</span> <span class='ocrx_word' id='word_1_221' title='bbox 374 3472 448 3536; x_wconf 84' lang='grc'><strong>506.</strong></span> <span class='ocrx_word' id='word_1_222' title='bbox 480 3479 513 3532; x_wconf 91' lang='lat' dir='ltr'>et</span> <span class='ocrx_word' id='word_1_223' title='bbox 538 3474 683 3534; x_wconf 78' lang='lat' dir='ltr'>obtentus</span> <span class='ocrx_word' id='word_1_224' title='bbox 707 3477 833 3553; x_wconf 68' lang='lat' dir='ltr'>frondis</span> <span class='ocrx_word' id='word_1_225' title='bbox 855 3478 921 3558; x_wconf 84' lang='lat' dir='ltr'>xl,</span> <span class='ocrx_word' id='word_1_226' title='bbox 950 3478 1001 3541; x_wconf 84' lang='grc'>66.</span> <span class='ocrx_word' id='word_1_227' title='bbox 1043 3478 1135 3540; x_wconf 83' lang='lat' dir='ltr'>Aliae</span> <span class='ocrx_word' id='word_1_228' title='bbox 1157 3479 1250 3542; x_wconf 88' lang='lat' dir='ltr'>etiam</span> <span class='ocrx_word' id='word_1_229' title='bbox 1271 3496 1368 3561; x_wconf 85' lang='lat' dir='ltr'>supra</span> 
     </span>
     <span class='ocr_line' id='line_1_31' title="bbox 134 3567 582 3660; baseline -0.007 -15"><span class='ocrx_word' id='word_1_230' title='bbox 134 3567 347 3645; x_wconf 78' lang='lat' dir='ltr'>inumbrantur</span> <span class='ocrx_word' id='word_1_231' title='bbox 368 3590 401 3643; x_wconf 93' lang='lat' dir='ltr'>et</span> <span class='ocrx_word' id='word_1_232' title='bbox 421 3580 481 3660; x_wconf 89' lang='lat' dir='ltr'>VI,</span> <span class='ocrx_word' id='word_1_233' title='bbox 506 3580 582 3642; x_wconf 77' lang='lat'>180:</span> 
     </span>
    </p>

    <p class='ocr_par' dir='ltr' id='par_1_13' title="bbox 216 3672 1121 3768">
     <span class='ocr_line' id='line_1_32' title="bbox 216 3672 1121 3768; baseline 0 -15"><span class='ocrx_word' id='word_1_234' title='bbox 216 3689 433 3754; x_wconf 81' lang='lat' dir='ltr'>Procumbunt</span> <span class='ocrx_word' id='word_1_235' title='bbox 453 3695 615 3768; x_wconf 80' lang='lat' dir='ltr'>piceae,</span> <span class='ocrx_word' id='word_1_236' title='bbox 639 3672 737 3749; x_wconf 78' lang='lat' dir='ltr'>scuni</span> <span class='ocrx_word' id='word_1_237' title='bbox 752 3694 816 3750; x_wconf 83' lang='lat' dir='ltr'>ictu</span> <span class='ocrx_word' id='word_1_238' title='bbox 838 3693 1004 3751; x_wconf 79' lang='lat' dir='ltr'>securibus</span> <span class='ocrx_word' id='word_1_239' title='bbox 1025 3693 1121 3766; x_wconf 70' lang='lat' dir='ltr'>ileu,</span> 
     </span>
    </p>

    <p class='ocr_par' dir='ltr' id='par_1_14' title="bbox 216 3799 1090 3878">
     <span class='ocr_line' id='line_1_33' title="bbox 216 3799 1090 3878; baseline -0.003 -15"><span class='ocrx_word' id='word_1_240' title='bbox 216 3802 350 3863; x_wconf 55' lang='lat' dir='ltr'>Franci</span> <span class='ocrx_word' id='word_1_241' title='bbox 359 3819 526 3878; x_wconf 82' lang='lat' dir='ltr'>neceque</span> <span class='ocrx_word' id='word_1_242' title='bbox 545 3799 650 3858; x_wconf 81' lang='lat' dir='ltr'>trabes</span> <span class='ocrx_word' id='word_1_243' title='bbox 672 3801 781 3858; x_wconf 65' lang='lat' dir='ltr'>cianus</span> <span class='ocrx_word' id='word_1_244' title='bbox 802 3804 834 3857; x_wconf 83' lang='lat' dir='ltr'>el</span> <span class='ocrx_word' id='word_1_245' title='bbox 851 3799 953 3876; x_wconf 74' lang='lat' dir='ltr'>fissile</span> <span class='ocrx_word' id='word_1_246' title='bbox 973 3800 1090 3860; x_wconf 89' lang='lat' dir='ltr'>robur</span> 
     </span>
    </p>

    <p class='ocr_par' dir='ltr' id='par_1_15' title="bbox 132 3906 1068 4097">
     <span class='ocr_line' id='line_1_34' title="bbox 215 3906 1068 3986; baseline 0.001 -16"><span class='ocrx_word' id='word_1_247' title='bbox 215 3909 392 3986; x_wconf 77' lang='lat' dir='ltr'>Scinditur,</span> <span class='ocrx_word' id='word_1_248' title='bbox 414 3906 580 3967; x_wconf 80' lang='lat' dir='ltr'>ndcclcont</span> <span class='ocrx_word' id='word_1_249' title='bbox 597 3910 735 3983; x_wconf 68' lang='lat' dir='ltr'>incentis</span> <span class='ocrx_word' id='word_1_250' title='bbox 756 3908 913 3966; x_wconf 83' lang='lat' dir='ltr'>mentibus</span> <span class='ocrx_word' id='word_1_251' title='bbox 940 3925 1068 3972; x_wconf 80' lang='lat' dir='ltr'>cruos.</span> 
     </span>
     <span class='ocr_line' id='line_1_35' title="bbox 132 4012 1008 4097; baseline -0.006 -18"><span class='ocrx_word' id='word_1_252' title='bbox 132 4017 243 4079; x_wconf 68' lang='lat' dir='ltr'>laeda</span> <span class='ocrx_word' id='word_1_253' title='bbox 266 4026 362 4097; x_wconf 90' lang='lat' dir='ltr'>atque</span> <span class='ocrx_word' id='word_1_254' title='bbox 382 4015 452 4076; x_wconf 90' lang='lat' dir='ltr'>ilice</span> <span class='ocrx_word' id='word_1_255' title='bbox 474 4013 556 4075; x_wconf 84' lang='lat' dir='ltr'>uiuo</span> <span class='ocrx_word' id='word_1_256' title='bbox 579 4031 705 4094; x_wconf 86' lang='lat' dir='ltr'>quoque</span> <span class='ocrx_word' id='word_1_257' title='bbox 728 4015 823 4073; x_wconf 89' lang='lat' dir='ltr'>utitur</span> <span class='ocrx_word' id='word_1_258' title='bbox 845 4013 906 4090; x_wconf 84' lang='lat' dir='ltr'>lV,</span> <span class='ocrx_word' id='word_1_259' title='bbox 929 4012 1008 4074; x_wconf 75' lang='lat'>504:</span> 
     </span>
    </p>

    <p class='ocr_par' dir='ltr' id='par_1_16' title="bbox 214 4124 1028 4207">
     <span class='ocr_line' id='line_1_36' title="bbox 214 4124 1028 4207; baseline -0.011 -16"><span class='ocrx_word' id='word_1_260' title='bbox 214 4131 261 4193; x_wconf 84' lang='grc' dir='ltr'>ΑΙ</span> <span class='ocrx_word' id='word_1_261' title='bbox 280 4135 401 4207; x_wconf 63' lang='lat' dir='ltr'>regrina,</span> <span class='ocrx_word' id='word_1_262' title='bbox 420 4148 504 4206; x_wconf 75' lang='lat' dir='ltr'>pyra</span> <span class='ocrx_word' id='word_1_263' title='bbox 524 4124 682 4205; x_wconf 79' lang='lat' dir='ltr'>penetrali</span> <span class='ocrx_word' id='word_1_264' title='bbox 700 4128 734 4183; x_wconf 92' lang='lat' dir='ltr'>in</span> <span class='ocrx_word' id='word_1_265' title='bbox 754 4124 829 4182; x_wconf 86' lang='lat' dir='ltr'>sede</span> <span class='ocrx_word' id='word_1_266' title='bbox 848 4125 907 4184; x_wconf 81' lang='lat' dir='ltr'>rub</span> <span class='ocrx_word' id='word_1_267' title='bbox 928 4142 1028 4183; x_wconf 79' lang='lat' dir='ltr'>auras</span> 
     </span>
    </p>

    <p class='ocr_par' dir='ltr' id='par_1_17' title="bbox 132 4230 1364 4531">
     <span class='ocr_line' id='line_1_37' title="bbox 214 4230 962 4312; baseline -0.013 -14"><span class='ocrx_word' id='word_1_268' title='bbox 214 4240 334 4299; x_wconf 80' lang='lat' dir='ltr'>Erectn</span> <span class='ocrx_word' id='word_1_269' title='bbox 356 4239 478 4312; x_wconf 68' lang='lat' dir='ltr'>incesti</span> <span class='ocrx_word' id='word_1_270' title='bbox 499 4234 630 4294; x_wconf 84' lang='lat' dir='ltr'>taedis</span> <span class='ocrx_word' id='word_1_271' title='bbox 651 4231 753 4309; x_wconf 80' lang='lat' dir='ltr'>adque</span> <span class='ocrx_word' id='word_1_272' title='bbox 772 4230 844 4289; x_wconf 81' lang='lat' dir='ltr'>ilice</span> <span class='ocrx_word' id='word_1_273' title='bbox 865 4236 962 4289; x_wconf 83' lang='lat' dir='ltr'>secta.</span> 
     </span>
     <span class='ocr_line' id='line_1_38' title="bbox 132 4334 1364 4426; baseline -0.01 -17"><span class='ocrx_word' id='word_1_274' title='bbox 132 4349 183 4409; x_wconf 84' lang='lat' dir='ltr'>lie</span> <span class='ocrx_word' id='word_1_275' title='bbox 203 4347 293 4426; x_wconf 85' lang='lat' dir='ltr'>picea</span> <span class='ocrx_word' id='word_1_276' title='bbox 314 4341 393 4403; x_wconf 86' lang='lat' dir='ltr'>Pliu.</span> <span class='ocrx_word' id='word_1_277' title='bbox 416 4340 458 4401; x_wconf 91' lang='lat' dir='ltr'>N.</span> <span class='ocrx_word' id='word_1_278' title='bbox 482 4341 522 4402; x_wconf 83' lang='grc' dir='ltr'>ΙΙ.</span> <span class='ocrx_word' id='word_1_279' title='bbox 546 4337 638 4411; x_wconf 82' lang='lat' dir='ltr'>xvi,</span> <span class='ocrx_word' id='word_1_280' title='bbox 661 4335 716 4398; x_wconf 76' lang='lat'>18:</span> <span class='ocrx_word' id='word_1_281' title='bbox 751 4334 899 4416; x_wconf 71' lang='lat' dir='ltr'>„Feralis</span> <span class='ocrx_word' id='word_1_282' title='bbox 925 4335 1017 4398; x_wconf 85' lang='lat' dir='ltr'>arbor</span> <span class='ocrx_word' id='word_1_283' title='bbox 1045 4345 1078 4399; x_wconf 89' lang='lat' dir='ltr'>et</span> <span class='ocrx_word' id='word_1_284' title='bbox 1099 4335 1221 4400; x_wconf 85' lang='lat' dir='ltr'>funebri</span> <span class='ocrx_word' id='word_1_285' title='bbox 1251 4335 1364 4397; x_wconf 82' lang='lat' dir='ltr'>indicio</span> 
     </span>
     <span class='ocr_line' id='line_1_39' title="bbox 133 4445 1123 4531; baseline -0.011 -14"><span class='ocrx_word' id='word_1_286' title='bbox 133 4452 174 4517; x_wconf 92' lang='lat' dir='ltr'>ad</span> <span class='ocrx_word' id='word_1_287' title='bbox 196 4451 282 4513; x_wconf 81' lang='lat' dir='ltr'>fores</span> <span class='ocrx_word' id='word_1_288' title='bbox 305 4449 408 4531; x_wconf 86' lang='lat' dir='ltr'>posito</span> <span class='ocrx_word' id='word_1_289' title='bbox 431 4465 470 4509; x_wconf 83' lang='lat' dir='ltr'>sc</span> <span class='ocrx_word' id='word_1_290' title='bbox 495 4447 583 4527; x_wconf 80' lang='lat' dir='ltr'>rogis</span> <span class='ocrx_word' id='word_1_291' title='bbox 604 4445 741 4507; x_wconf 87' lang='lat' dir='ltr'>virens.“</span> <span class='ocrx_word' id='word_1_292' title='bbox 1121 4456 1123 4461; x_wconf 56' lang='lat'><strong><em>⁴</em></strong></span> 
     </span>
    </p>

    <p class='ocr_par' dir='ltr' id='par_1_18' title="bbox 132 4551 1364 4744">
     <span class='ocr_line' id='line_1_40' title="bbox 215 4551 1364 4635; baseline -0.005 -17"><span class='ocrx_word' id='word_1_293' title='bbox 215 4555 384 4618; x_wconf 86' lang='lat' dir='ltr'>Cadavere</span> <span class='ocrx_word' id='word_1_294' title='bbox 402 4554 433 4614; x_wconf 88' lang='lat' dir='ltr'>in</span> <span class='ocrx_word' id='word_1_295' title='bbox 454 4571 566 4633; x_wconf 87' lang='lat' dir='ltr'>rogum</span> <span class='ocrx_word' id='word_1_296' title='bbox 587 4551 733 4631; x_wconf 82' lang='lat' dir='ltr'>imposito</span> <span class='ocrx_word' id='word_1_297' title='bbox 754 4568 809 4631; x_wconf 86' lang='lat' dir='ltr'>per</span> <span class='ocrx_word' id='word_1_298' title='bbox 833 4561 988 4635; x_wconf 81' lang='lat' dir='ltr'>cognatos</span> <span class='ocrx_word' id='word_1_299' title='bbox 1009 4552 1091 4614; x_wconf 79' lang='lat' dir='ltr'>facie</span> <span class='ocrx_word' id='word_1_300' title='bbox 1112 4568 1229 4613; x_wconf 85' lang='lat' dir='ltr'>aversa</span> <span class='ocrx_word' id='word_1_301' title='bbox 1254 4552 1364 4614; x_wconf 89' lang='lat' dir='ltr'>iucen-</span> 
     </span>
     <span class='ocr_line' id='line_1_41' title="bbox 132 4641 1288 4744; baseline -0.008 -17"><span class='ocrx_word' id='word_1_302' title='bbox 132 4665 265 4729; x_wconf 86' lang='lat' dir='ltr'>debatur</span> <span class='ocrx_word' id='word_1_303' title='bbox 285 4678 393 4744; x_wconf 80' lang='lat' dir='ltr'>rogus.</span> <span class='ocrx_word' id='word_1_304' title='bbox 416 4659 466 4725; x_wconf 77' lang='lat' dir='ltr'>Ul.</span> <span class='ocrx_word' id='word_1_305' title='bbox 487 4659 607 4722; x_wconf 78' lang='lat' dir='ltr'>Lucan.</span> <span class='ocrx_word' id='word_1_306' title='bbox 631 4658 671 4737; x_wconf 87' lang='grc' dir='ltr'>ΙΙ,</span> <span class='ocrx_word' id='word_1_307' title='bbox 694 4655 767 4720; x_wconf 89' lang='grc'>300.</span> <span class='ocrx_word' id='word_1_308' title='bbox 810 4641 846 4717; x_wconf 87' lang='lat' dir='ltr'>lu</span> <span class='ocrx_word' id='word_1_309' title='bbox 867 4660 986 4720; x_wconf 85' lang='lat' dir='ltr'>Miseni</span> <span class='ocrx_word' id='word_1_310' title='bbox 1006 4657 1117 4720; x_wconf 78' lang='lat' dir='ltr'>iuuere</span> <span class='ocrx_word' id='word_1_311' title='bbox 1134 4658 1194 4738; x_wconf 91' lang='lat' dir='ltr'>Vl,</span> <span class='ocrx_word' id='word_1_312' title='bbox 1209 4656 1288 4720; x_wconf 77' lang='lat'>222:</span> 
     </span>
    </p>

    <p class='ocr_par' dir='ltr' id='par_1_19' title="bbox 537 4769 1060 4848">
     <span class='ocr_line' id='line_1_42' title="bbox 537 4769 1060 4848; baseline -0.008 -17"><span class='ocrx_word' id='word_1_313' title='bbox 537 4769 623 4831; x_wconf 85' lang='lat' dir='ltr'>Pars</span> <span class='ocrx_word' id='word_1_314' title='bbox 644 4771 766 4845; x_wconf 67' lang='lat' dir='ltr'>innanti</span> <span class='ocrx_word' id='word_1_315' title='bbox 785 4770 908 4829; x_wconf 81' lang='lat' dir='ltr'>subiere</span> <span class='ocrx_word' id='word_1_316' title='bbox 923 4770 1060 4848; x_wconf 77' lang='lat' dir='ltr'>feretra,</span> 
     </span>
    </p>
   </div>
   <div class='ocr_carea' id='block_1_7' title="bbox 0 0 1519 5234">
    <p class='ocr_par' dir='ltr' id='par_1_20' title="bbox 0 0 1519 5234">
     <span class='ocr_line' id='line_1_43' title="bbox 0 0 1519 5234; baseline 0 0"><span class='ocrx_word' id='word_1_317' title='bbox 0 0 1519 5234; x_wconf 95' lang='lat' dir='ltr'> </span> 
     </span>
    </p>
   </div>
  </div>
 </body>
</html>
