3022 5234
479 262 537 323 De
558 261 833 325 divinatione.
1253 259 1312 322 lea

66 439 152 503 leriis
192 442 315 504 caelum
336 440 411 504 flndi
433 445 521 505 velut
540 460 654 524 magno
675 442 761 506 biatu
781 444 902 519 vnum,
931 459 1055 524 quaque
1075 405 1226 526 patuerit,
1255 444 1307 506 iu-

66 565 150 629 gens
172 549 275 612 lumen
296 549 487 612 effulsisset«
529 547 581 612 Ad
612 549 788 632 Vergilium
814 551 951 615 maximo
970 548 1098 612 accedit
1120 548 1187 613 Cio.
1210 550 1306 618 diviu.

66 657 102 732 l,
131 655 192 742 43,
226 659 283 723 9⁷:
326 661 432 721 »Nam
460 668 492 721 et
523 678 618 741 quum
639 660 703 721 dno
725 662 791 721 visi
812 659 899 722 soles
921 665 1044 734 esseut,
1066 669 1100 720 et
1120 674 1215 738 quum
1238 665 1308 720 tres

68 764 181 844 lunae,
204 774 237 827 et
258 784 353 848 qrrum
375 767 478 846 faces,
499 772 533 827 ct
554 784 648 845 quum
670 766 718 826 sol
739 772 833 828 nocte
855 767 944 826 visus
964 771 1074 844 essct,
1108 774 1141 825 et
1171 780 1266 843 quum
1289 785 1308 826 e

69 874 158 934 caelo
179 874 325 936 fremitus
338 872 477 954 auditus,
500 881 532 934 et
553 892 645 953 quum
668 873 826 934 caelum
848 870 1107 933 discessisse
1129 875 1235 933 visum
1258 881 1308 934 est

69 988 165 1061 atque
184 985 217 1042 in
238 1000 277 1043 eo
295 979 510 1048 animadversi
533 981 674 1063 glebae
719 980 772 1061 qui
801 979 888 1062 globi
910 980 1013 1041 ¹iidem
1044 996 1120 1040 esse
1148 977 1305 1052 videntur,

70 1102 152 1166 quae
172 1104 192 1148 a
213 1087 347 1148 Marone
368 1087 513 1167 palantes
536 1086 649 1149 stellae
675 1078 859 1151 nominatur.
901 1085 953 1148 Ab
973 1084 1100 1168 ignibus
1120 1088 1309 1150 caelestibus

70 1194 262 1276 prodigiosis
284 1195 384 1259 facilis
405 1197 558 1259 transitus
579 1201 639 1257 erit
660 1195 699 1258 ad
722 1214 797 1275 eos,
837 1196 891 1276 qui
918 1195 949 1256 in
984 1195 1144 1258 bominum
1166 1195 1306 1272 ipsorum

71 1303 255 1382 corporibus
277 1302 377 1366 videri
398 1304 556 1367 interdum
577 1304 769 1367 dicebantur.
813 1304 968 1366 Faustum
992 1314 1045 1367 est
1073 1302 1145 1364 illud
1168 1303 1310 1363 mirabile

72 1416 260 1490 monstrum,
284 1409 367 1490 quod
389 1410 429 1472 de
450 1411 518 1472 lulo
538 1411 582 1491 ll,
603 1409 676 1472 681.
695 1419 855 1471 narratur:

156 1521 304 1599 Namque
323 1539 439 1581 manue
459 1524 543 1581 inter
563 1528 814 1599 incertorumque
834 1540 892 1580 cru
909 1526 1079 1594 parentum

158 1624 248 1684 Ecce
268 1625 345 1685 levir
364 1645 485 1686 summo
506 1629 544 1687 de
563 1631 679 1687 vertice
720 1630 808 1686 maus
836 1626 903 1686 Iuli

155 1731 306 1795 Fundere
327 1735 435 1795 lumen
454 1753 552 1814 open,
575 1740 724 1812 tactuque
744 1738 878 1794 innoxia
896 1734 985 1793 molli

156 1841 310 1904 Lambere
328 1846 459 1921 stamma
479 1860 585 1901 comus
606 1848 639 1901 et
657 1845 775 1901 circum
796 1848 936 1919 tempora
953 1843 1054 1919 pasci.

74 1943 160 2007 Vide
187 1946 341 2027 picturam
363 1945 553 2010 Vaticanum
578 1946 608 2006 iu
631 1946 741 2008 Milliu.
764 1944 892 2025 mythol.
915 1943 996 2008 Gall.
1021 1945 1099 2009 Tab.
1122 1944 1307 2008 ccxxvi.

73 2051 131 2113 bis.
154 2071 199 2113 ur.
217 2051 288 2116 645.
332 2051 427 2130 Quod
448 2054 487 2115 de
509 2054 626 2116 Servio
648 2053 738 2116 'l'ullo
760 2054 831 2122 biv.
853 2055 884 2136 1,
906 2051 964 2115 39:
1003 2054 1077 2135 „blo
1106 2064 1248 2137 tempore
1280 2057 1310 2115 in

73 2161 164 2240 regia
185 2161 362 2244 prodigium
383 2163 457 2238 visu
478 2170 661 2242 eventuque
682 2161 820 2222 mirabile
835 2161 904 2225 luit.
946 2163 1049 2222 Puero
1066 2163 1240 2237 dormienti,
1260 2162 1311 2224 cui

74 2269 191 2331 Servio
218 2268 320 2331 'l'ullio
340 2288 455 2331 nomen
487 2268 564 2351 luit,
603 2276 699 2350 caput
720 2269 841 2352 arsisse
863 2268 968 2331 ierunt
990 2270 1155 2331 multorum
1177 2268 1207 2327 in
1230 2285 1312 2328 cou-

74 2374 226 2460 spectu.“
268 2380 336 2441 Sed
359 2381 541 2460 conspirant
561 2381 727 2461 sequentia
748 2397 887 2461 qnoque:

158 2488 229 2549 Noe
246 2490 353 2566 paridi
374 2491 531 2566 trepidare
550 2495 635 2550 metu
656 2493 836 2569 crinemque
854 2491 1046 2567 stuprantem

159 2595 326 2656 Excutere
346 2601 378 2655 el
399 2602 528 2657 sanctor
549 2601 745 2673 restinpuere
762 2600 905 2676 fontibus
925 2600 1022 2671 iunia.

78 2717 149 2762 cum
172 2700 287 2762 Livio:
321 2700 481 2776 „Plurima
502 2701 598 2784 igitur
619 2702 758 2764 clamore
777 2700 850 2763 iude
872 2701 912 2764 ad
934 2709 1041 2763 tantae
1060 2701 1106 2759 rei
1129 2696 1311 2757 miraculum

78 2819 148 2873 orto
169 2813 295 2873 excitos
316 2829 432 2894 reges,
459 2819 493 2873 et
513 2830 607 2893 quum
629 2813 757 2893 quidam
780 2813 976 2875 familiarium
997 2827 1114 2891 aquam
1135 2805 1174 2868 ad
1197 2805 1314 2866 restin-

78 2918 238 3001 guendum
260 2919 376 3001 ferret,
410 2920 464 2982 ab·
479 2923 589 3004 regius
610 2928 777 3000 retentum,
799 2921 974 3003 sedatoque
997 2937 1068 2981 eam
1089 2914 1221 2978 tumultu
1243 2930 1313 2972 mo-

78 3031 149 3089 veri
169 3027 313 3089 vetuisse
343 3047 489 3108 puerum,
517 3027 619 3091 donec
648 3047 709 3091 sua
729 3038 843 3109 sponte
866 3035 1074 3109 experrectus
1096 3033 1194 3086 esset
1236 3023 1317 3081 Mox

80 3152 155 3197 cum
181 3153 293 3198 somno
321 3145 353 3197 et
382 3138 537 3199 flammam
560 3133 711 3199 abiisse.“
753 3139 927 3200 Flammam
953 3134 1110 3196 innoxiam
1139 3132 1317 3192 invenimus

81 3241 497 3324 etiamhiv.XLlll,13:
536 3244 711 3326 „Fregellis
732 3245 763 3305 in
784 3245 879 3306 domo
901 3244 940 3308 L.
962 3245 1054 3303 Atrei
1081 3238 1190 3314 basta,
1222 3254 1318 3316 quam

81 3346 145 3410 tilio
168 3350 257 3410 militi
279 3359 409 3432 emerat,
430 3349 565 3412 interdiu
586 3352 657 3433 plus
680 3351 761 3414 duas
783 3351 878 3414 boras
900 3350 1030 3430 arsisse,
1052 3353 1097 3410 ita
1113 3356 1148 3409 nt
1163 3345 1237 3407 nibil
1253 3347 1319 3406 eius

81 3454 261 3518 ambureret
287 3456 384 3536 ignis,
423 3454 616 3519 dicebatur.“
657 3458 831 3520 Praeterea
864 3456 1015 3518 inviolata
1048 3464 1154 3517 manet
1179 3453 1322 3515 ‘Lavinia

82 3563 176 3644 virgo
196 3563 282 3644 Vll,
313 3564 376 3646 ⁷1„
403 3583 495 3647 quam
517 3564 642 3646 quidem
662 3569 764 3647 ipsam
785 3566 947 3627 inlustrem
969 3564 1038 3624 lore
1058 3564 1079 3622 i.
1102 3580 1131 3621 e.
1154 3563 1320 3642 coniugem

82 3673 231 3748 Aeaeae,
252 3671 414 3753 reginam,
435 3671 494 3733 sed
516 3672 587 3733 belli
607 3691 733 3755 quoque
754 3689 883 3734 causam
905 3677 1001 3732 vates
1020 3668 1071 3732 80.
1096 3674 1221 3733 canunt.

170 3781 216 3842 Ut
235 3783 328 3841 incrta
346 3784 521 3858 nemitorem
542 3782 650 3840 adstat
669 3780 804 3841 Lacinia
824 3785 911 3857 cirpo

172 3889 262 3968 Viae,
283 3890 389 3969 nefus,
413 3889 516 3965 lonqia
540 3890 752 3967 conprendere
773 3891 913 3950 crinibus
934 3894 1046 3968 ipnena

169 3994 283 4074 Adnue
303 4013 424 4054 ornnem
444 3987 591 4054 ornutrrm
607 3997 738 4072 stamma
760 3999 931 4072 crepitante
953 3997 1096 4074 cremari,

169 4102 362 4180 &adaeque
382 4120 520 4162 accensu
542 4120 656 4171 cornua,
680 4119 817 4185 accensa
841 4119 1001 4185 coronam,
1116 4098 1125 4114 ’
1187 4096 1190 4101 ’

171 4213 336 4288 Ineipnem
354 4215 501 4291 qemmr's,
523 4217 589 4270 turn
607 4211 733 4289 fumida
754 4209 872 4268 lumine
888 4209 978 4289 sulco

170 4300 303 4397 Inuolci,
328 4338 366 4377 nc
388 4322 461 4378 totis
488 4317 661 4378 Volcanum
682 4334 835 4394 apurpere
855 4320 956 4377 tectic.

88 4447 226 4512 Omnino
254 4458 332 4502 vero
356 4442 439 4503 tales
465 4445 586 4504 circum
608 4450 704 4522 caput
725 4439 871 4504 llammae
891 4441 931 4505 ad
953 4443 1076 4527 regiam
1098 4443 1149 4504 vel
1172 4461 1332 4535 summam

88 4552 206 4614 saltem
234 4551 265 4611 in
292 4548 451 4629 republica
480 4547 667 4632 dignitatem
688 4547 743 4610 val
770 4548 928 4612 fortunam
957 4558 1044 4611 certe
1071 4554 1333 4635 praesagiendum
1430 4554 1435 4569 '

89 4660 144 4721 vel
164 4656 366 4741 fingebantur
386 4655 441 4719 vel
461 4656 705 4736 accipiebantur.
742 4657 855 4722 Valer.
875 4658 1007 4720 Maxim.
1030 4659 1055 4733 l,
1081 4658 1114 4737 6,
1135 4659 1172 4721 2:
1199 4663 1336 4744 „Aequo

87 4768 193 4833 felicis
217 4776 354 4831 eventus
373 4767 429 4837 illa
448 4767 584 4844 flamma,
605 4786 687 4849 qnae
708 4787 759 4831 ex.
782 4768 820 4831 b.
841 4768 947 4848 Marii,
979 4766 1068 4832 ducis
1090 4768 1220 4831 duorum
1240 4787 1337 4830 exer·
