3022 5234
158 335 162 342 ,
214 255 255 319 36
542 264 599 327 De
623 264 734 325 urbia
755 262 994 325 condendae
1013 213 1130 327 moro.
1241 270 1246 277 '

59 4645 157 4811 ρ

212 439 352 518 picturae
376 444 553 508 nudabatur
575 447 708 511 interior.
732 446 843 518 (Unde
863 447 965 525 perite
994 455 1161 528 utrumque
1192 446 1299 527 tetigit
1322 443 1456 507 idicens:

220 549 331 610 Vereis
352 554 494 614 discedot
510 559 683 637 frontibus,
706 558 833 638 singule
854 557 990 638 singulis
1002 556 1218 636 complectens
1231 553 1456 623 sermonibus.)

213 655 308 732 Quod
332 658 436 721 Varro
461 672 493 721 et
509 662 681 724 Suetonius
704 657 987 728 eomnremorant.“
1010 664 1058 724 De
1079 662 1231 725 maetrinis
1249 660 1455 723 versatilibus

213 763 254 825 cf.
268 764 393 826 Vitruv.
415 768 457 842 V,
481 770 511 840 6,
533 771 563 832 8.
593 771 736 831 Alterum
759 789 890 832 versum
913 771 1050 832 Servius
1072 772 1310 851 interpretatur:
1355 769 1453 849 „Hoc

209 871 379 933 seeundum
401 873 563 937 historiam
588 884 638 937 est
671 877 806 938 loeutus.
850 878 934 938 tuam
958 879 1144 959 Augustus,
1176 888 1343 956 postquam
1375 876 1454 935 vioit

208 975 414 1060 Britanniam,
435 981 585 1061 plurimos
608 982 648 1044 de
670 984 820 1065 captivis,
838 1002 918 1065 quos
929 983 1118 1066 abduxerat,
1135 982 1266 1046 donavit
1288 984 1329 1046 ad
1343 982 1452 1046 officia

209 1082 385 1166 theatralia,
411 1087 497 1148 dedit
519 1090 613 1150 etiam
637 1089 750 1151 aulaea
773 1091 792 1151 i.
813 1109 841 1150 e.
864 1089 1043 1170 velamine,
1074 1091 1103 1151 in
1128 1092 1240 1172 quibus
1263 1089 1454 1171 depinxerat

208 1194 365 1254 victorias
387 1213 463 1257 suas
487 1207 518 1259 et
540 1195 801 1279 quemadmodum
824 1199 965 1260 Britanni
998 1200 1039 1261 ab
1062 1218 1100 1259 eo
1123 1199 1231 1260 donati
1255 1198 1366 1260 eodem
1378 1199 1453 1259 vela

204 1307 377 1382 portarent,
400 1319 616 1382 quaererem
642 1314 769 1384 portare
791 1315 1035 1368 consueverant.
1073 1304 1177 1383 Quam
1198 1304 1364 1365 rem-mira
1387 1324 1450 1366 ex·

206 1408 310 1489 primit
330 1411 537 1492 ambiguitate
560 1411 686 1473 dicens:
708 1416 826 1473 intexta·
847 1414 968 1473 tollant.
1004 1413 1089 1475 Nam
1111 1417 1142 1474 in
1164 1414 1248 1475 velis
1278 1414 1338 1495 ipsi
1360 1424 1451 1477 erent

205 1519 294 1600 picti,
318 1519 371 1599 qni
394 1515 504 1578 eadem
529 1517 601 1578 uela
625 1517 825 1597 portabant.“

284 2323 437 2386 Extremo
460 2326 530 2386 loeo
549 2324 578 2383 in
598 2320 712 2403 oppido
725 2321 778 2381 vel
794 2319 918 2381 colonia
938 2317 1135 2380 aedificanda
1156 2351 1195 2384 e
1208 2317 1262 2380 -de
1281 2317 1343 2378 hae
1367 2317 1447 2378 enim

204 2437 305 2498 oratio
339 2445 408 2498 erat
435 2435 582 2517 digressa
620 2468 662 2478 --
702 2431 872 2494 similitudo
905 2438 936 2491 et
963 2429 1139 2519 platearum
1180 2439 1213 2492 et
1241 2431 1386 2492 vicorum
1419 2437 1449 2490 et

201 2545 302 2624 ipsius
324 2546 458 2607 nominis
478 2561 548 2605 eum
572 2543 647 2603 urbe
664 2543 764 2622 patria
778 2542 845 2603 erit
865 2539 1049 2620 spectanda.
1093 2540 1168 2600 Non
1189 2556 1262 2600 raro
1283 2539 1365 2599 enirn
1389 2557 1446 2599 oo-

200 2655 262 2715 loni
291 2673 352 2714 non
376 2652 478 2713 solum
507 2651 591 2710 urbis
612 2668 740 2729 nomen,
773 2647 832 2709 sed
855 2647 989 2710 lluminis
1017 2648 1111 2708 etiam
1141 2646 1309 2726 retinuere,
1332 2644 1446 2707 deiude
1481 2678 1488 2689 ι

201 2762 313 2841 forum,
337 2761 398 2821 alia
419 2759 461 2820 ad
484 2758 617 2821 eandem
639 2757 779 2838 speeiem
796 2755 1019 2817 aedificavere.
1069 2754 1158 2815 'l'alis
1180 2755 1264 2836 apud
1286 2757 1443 2818 Helenum

201 2870 252 2931 est
275 2888 379 2930 rerum
401 2867 544 2941 condicio
568 2867 623 2938 lll,
647 2864 724 2926 3492

285 3003 438 3077 Procedo,
461 3007 493 3061 et
509 3019 643 3079 parvom
669 2999 792 3061 Troiam
814 2977 1026 3075 simulatoque
1045 3000 1170 3072 mayrois

180 3174 183 3183 ,
284 3113 445 3188 Perperna
466 3116 658 3170 clarentem
679 3108 809 3170 Xanthi
825 3112 1008 3184 eopnome'ne
1029 3109 1127 3166 rivom

283 3216 466 3298 Adpnosco,
490 3215 675 3294 Scaeaeque
695 3214 867 3293 amplector
889 3214 1135 3291 limina'porlae.

200 3376 251 3437 ubi
274 3377 426 3440 Servius:
454 3377 574 3459 „lllulti
595 3365 719 3459 putant,
752 3378 894 3438 Aeneam
917 3375 958 3437 de
979 3393 1018 3438 ea
1038 3377 1172 3439 venisse
1193 3376 1234 3438 ad
1255 3375 1385 3455 Epirum
1412 3383 1445 3437 et

201 3483 246 3543 ibl
269 3483 349 3546 haee
371 3484 441 3546 loen
464 3503 519 3565 per
542 3484 700 3547 licentiam
722 3485 879 3564 poetieam
900 3501 975 3545 esse
998 3483 1144 3547 oonfieta.
1172 3484 1277 3547 Varro
1299 3486 1389 3568 Epiri
1405 3503 1443 3548 se

200 3590 303 3653 fuisse
326 3590 432 3675 tradit,
455 3601 487 3654 et
507 3597 611 3654 omnia
633 3594 705 3654 loea
726 3591 838 3653 iisdem
861 3591 925 3666 diei
937 3591 1128 3671 nominibus,
1142 3610 1225 3673 quae
1239 3602 1335 3674 poeta
1351 3612 1442 3658 oom-

200 3708 368 3780 memorat,
391 3719 429 3762 se
453 3700 588 3762 vidisse:
610 3698 692 3760 unde
714 3709 846 3778 apparet
866 3699 948 3760 haee
968 3719 1031 3767 non
1063 3718 1140 3762 esse
1169 3698 1351 3764 fabulosa.“
1393 3705 1444 3765 De

203 3829 334 3891 quorum
354 3812 494 3872 veritate
516 3809 578 3870 etsi
606 3806 796 3868 dubitantior
816 3808 928 3888 aliquis
958 3811 1142 3891 scrupulum
1170 3812 1273 3892 possit
1300 3811 1442 3895 iniicere,

203 3918 403 3979 nihilominus
425 3917 500 3978 talia
521 3917 645 3978 nomina
665 3915 696 3976 in
711 3915 842 3977 ooloniis
858 3915 1027 3996 mansisse,
1040 3917 1114 3978 inde
1131 3917 1238 3998 vides,
1261 3918 1346 3998 quod
1357 3917 1439 3982 Cato

201 4026 333 4106 primunr
357 4028 388 4088 in
411 4027 501 4088 ltalia
524 4026 563 4087 ab
586 4027 698 4087 Aenea
729 4024 889 4087 eonditum
912 4025 1059 4106 oppidum
1081 4027 1207 4088 'l'roiam
1230 4045 1305 4089 esse
1327 4030 1440 4108 appel-

199 4135 295 4195 latam
318 4133 454 4196 tradidit.
480 4131 531 4195 Cf.
551 4134 644 4196 Serv.
666 4131 706 4193 ud
727 4133 809 4194 Aen.
832 4132 906 4208 Vll,
930 4131 997 4194 158.
1051 4133 1186 4214 Dionys.
1215 4131 1316 4197 Halio.
1338 4134 1378 4194 A.
1401 4134 1441 4200 R.

197 4241 225 4321 1,
253 4239 310 4303 53:
366 4236 586 4312 Τελσοτῶντες
621 4233 658 4300 δὲ
677 4227 900 4324 1σῖφιννοῦνται
934 4234 993 4323 τῆς
1019 4227 1153 4312 Ἰταλίας
1185 4231 1234 4312 εἷς
1259 4230 1441 4327 Λωρεντόν·

189 4335 284 4421 ςένθα
316 4344 374 4432 τῆς
394 4334 519 4431 πλάνης
538 4334 752 4426 παυσάμενοι,
780 4333 907 4433 χάρακα
929 4336 1054 4409 ἔθεντο·
1074 4337 1188 4410 καὶτὸ
1208 4344 1338 4435 χωρίον,
1360 4344 1394 4412 ἐν
1416 4338 1444 4433 ᾦ

202 4443 620 4539 κατεστρατοπεδεύσαντο,
647 4449 684 4533 ἐξ
712 4449 836 4518 ἐκείνου
870 4449 972 4538 Τροία
1000 4453 1163 4523 uatem:
1185 4447 1303 4536 ἅπὲχει
1322 4455 1361 4522 δὲ
1383 4457 1443 4545 τῆς

198 4550 388 4647 dei-eirene:
404 4551 491 4648 ἀμφὶ
518 4551 594 4636 τούς
621 4555 780 4644 τέτταρας
809 4557 971 4637 σταδίους.
993 4564 1197 4630 .Seoundum
1211 4566 1393 4650 ¹Liviumsl,
1414 4568 1441 4632 l.

201 4690 221 4731 e
242 4636 403 4792 *lunone
428 4689 510 4752 quae
531 4670 571 4732 ab
593 4671 756 4732 Antenore
775 4670 808 4731 in
828 4671 938 4734 intimo
959 4673 1056 4737 maris
1069 4672 1243 4736 Hadriatici
1265 4673 1338 4736 sinu
1360 4692 1443 4739 eon-

198 4778 267 4841 dita
290 4787 349 4855 est,
375 4778 490 4840 'l'roiae
511 4796 625 4840 nomen
642 4776 761 4839 habuit
782 4777 860 4840 Inde
877 4781 1171 4858 numerariorum,
1182 4799 1264 4862 quae
1276 4783 1316 4847 ab
1327 4785 1442 4869 Aenea
