3022 5234
555 219 612 278 De
643 235 742 299 pace
772 218 956 299 petenda.
1268 215 1273 234 ¹
1323 227 1377 288 111

139 405 240 465 maria
272 402 309 463 vl
342 419 405 461 non
434 400 567 480 amplius
602 403 761 483 cogitare,
794 402 851 464 sed
887 403 1090 466 indiscretam
1119 404 1383 486 significationem

140 529 287 575 summae
310 511 457 574 vincendi
486 513 554 592 spei
576 531 616 574 ac
636 513 777 574 laetitiae
800 513 831 574 in
852 532 890 573 ea
913 526 1058 575 constare
1081 514 1140 593 Vl,
1166 515 1237 577 589.
1259 521 1386 599 perspi·

135 622 230 699 citur,
253 620 305 683 ubi
334 619 525 681 Salmoneus
548 627 697 701 quattuor
717 626 861 681 innectus
882 627 970 700 equis
991 623 1055 680 icat
1074 640 1181 682 ovans.

708 870 743 959 q.
764 876 816 940 52.

566 1032 624 1085 ne
643 1045 743 1101 poce
762 1033 953 1101 petentis.

218 1198 269 1261 Ad
292 1198 520 1279 impetrandam
544 1216 655 1280 pacem
678 1200 786 1260 victus
807 1200 961 1262 victorem
990 1204 1121 1282 petebat
1148 1205 1257 1287 triplici
1281 1216 1384 1288 gestu.

132 1309 241 1370 Primo
265 1327 345 1390 opus
368 1319 437 1370 erat
458 1308 600 1370 verbis
625 1309 908 1389 precantibus,
940 1313 1080 1373 oratione
1103 1314 1254 1393 supplici,
1289 1334 1382 1396 quam

133 1418 275 1479 carmine
304 1424 412 1478 nostro
446 1416 720 1478 demonstrandam
754 1419 806 1478 vel
835 1419 1037 1499 exipsorum
1068 1423 1271 1483 'l'roianorum
1301 1424 1383 1504 apud

133 1523 291 1586 Didonem
317 1533 475 1585 conventu
499 1527 532 1604 l,
554 1526 638 1600 520,
661 1526 714 1587 vel
737 1525 820 1606 opud
845 1528 990 1589 Latinum
1012 1529 1091 1605 Vll,
1116 1529 1195 1598 168„
1219 1533 1271 1594 vel
1295 1534 1383 1614 regis

133 1632 242 1694 [ratini
263 1631 348 1713 apud
371 1633 513 1694 Aeneam
537 1634 605 1707 xi,
630 1632 700 1695 100.
725 1638 779 1695 vix
809 1632 1056 1717 susceperimus.
1097 1638 1220 1700 Deinde
1248 1659 1384 1702 manus

129 1737 363 1800 tendebant.
416 1740 566 1800 Mannum
590 1742 685 1802 elatio
717 1745 840 1822 proprio
883 1744 924 1805 ad
969 1747 1152 1828 religionem
1190 1750 1383 1827 pertinebat3

128 1847 190 1910 sed
212 1866 307 1929 quum
335 1849 452 1923 cuncti,
474 1849 528 1929 qui
550 1849 821 1930 supplicabantur,
845 1851 873 1911 in
898 1850 1026 1914 deorum
1048 1854 1147 1914 tutela
1169 1872 1245 1917 esse
1266 1854 1382 1917 crede-

128 1963 253 2031 rentur,
290 1956 321 2016 in
349 1957 432 2016 omni
463 1964 569 2017 tautae
601 1954 801 2018 demissionis
832 1961 1023 2021 caerimonia
1045 1963 1245 2023 reverentiae
1266 1963 1383 2044 aliquid

129 2060 256 2122 divinae
278 2061 384 2123 inesse
406 2064 575 2124 voluerunt
602 2064 730 2145 antiqui.
773 2065 898 2126 Turnus
922 2067 1018 2129 iratus
1041 2070 1098 2149 Xl,
1124 2070 1193 2130 114.
1216 2069 1276 2133 ait:

215 2169 348 2229 Oremnr
368 2189 480 2244 pacem
499 2176 532 2229 et
550 2171 725 2230 destrae
747 2175 963 2233 tendamus
986 2179 1107 2240 inertis.

130 2280 203 2340 Hoc
224 2279 265 2352 X,
290 2280 342 2341 80.
368 2290 498 2341 vocatur
517 2301 628 2356 pacem
650 2302 743 2342 orare
764 2302 871 2343 manu.
902 2282 954 2345 Cf.
977 2284 1074 2346 Caes,
1096 2284 1133 2344 B.
1156 2282 1227 2345 Civ.
1249 2286 1305 2357 111,
1325 2286 1383 2346 98ε

130 2387 235 2465 „Siue
257 2389 459 2447 recusatione
481 2387 642 2467 fecerunt,
666 2392 889 2469 passisque
912 2390 1067 2469 palmis,
1099 2392 1228 2468 proiecti
1251 2393 1291 2454 ad
1313 2403 1382 2454 ter-

130 2512 215 2572 ram,
251 2493 365 2555 llcntcs
392 2495 431 2554 ab
462 2513 500 2554 eo
523 2494 658 2555 salutem
679 2494 867 2575 petierunt.“
911 2497 1050 2558 'l'ertium
1081 2506 1148 2559 crat
1179 2518 1381 2562 ramorum

130 2606 444 2684 oleaginearum
466 2621 551 2668 usus.
596 2604 723 2666 Aeneas
745 2604 822 2683 ΠΙ,
850 2605 916 2666 154.
938 2594 1062 2668 centum
1076 2609 1204 2691 legatos
1219 2608 1258 2670 ad
1272 2628 1381 2692 regem

132 2713 281 2776 Latinum

214 2825 269 2885 Ire
289 2825 381 2896 aeon,
404 2843 538 2883 ramos
559 2824 677 2884 celatos
699 2823 892 2886 Palladia
913 2828 1026 2905 omnis,

126 2930 276 2992 Minerva
297 2948 386 3010 vero,
412 2939 444 2990 ut
469 2928 590 3014 Georg.
612 2932 639 3011 l,
665 2930 711 2991 18.
735 2929 822 3010 dicit,
837 2932 927 2994 oleae
949 2943 1018 2995 erat
1040 2936 1207 3000 inventrix.
1251 2935 1379 2994 Aeneas

127 3037 345 3116 interrogatus
367 3052 385 3093 a
410 3034 572 3116 Pallante,
595 3044 699 3096 utrum
725 3053 835 3114 pacem
858 3056 897 3097 an
920 3056 1007 3097 arma
1032 3037 1124 3111 ierat,
1149 3040 1239 3121 vltt,
1267 3040 1339 3101 tto:

214 3142 451 3223 Paciferaeqne
472 3165 569 3205 mann
593 3165 706 3205 rarnn
718 3166 748 3204 m
773 3151 954 3222 praetendit
973 3147 1120 3209 olicae.

131 3249 192 3324 XI,
216 3248 284 3311 101.
309 3259 452 3312 oratores
473 3251 589 3313 atlsunt
611 3272 652 3314 ex
674 3254 752 3315 urbe
773 3255 889 3316 Latina

219 3357 355 3420 Veluti
374 3364 500 3420 rumis
520 3362 650 3437 oleae,
672 3366 858 3441 veniamque
881 3369 1039 3438 repentes.

132 3468 196 3548 ΧΙ,
219 3464 303 3528 331:

225 3575 358 3638 Centum
380 3582 522 3635 oratores
541 3579 646 3652 prima
667 3577 705 3635 de
721 3582 815 3652 pente
838 3574 973 3636 Lntr‘nos

217 3684 272 3742 Ire
291 3681 408 3758 placet,
427 3685 615 3762 pacisque
636 3699 734 3741 mann
751 3682 959 3759 praetendere
975 3700 1115 3741 ramos.

130 3791 255 3851 Verum
278 3809 340 3849 non
370 3790 462 3850 oleae
489 3789 592 3850 solum
623 3807 734 3850 manus
763 3788 859 3849 ramis
890 3789 1018 3849 velatae
1040 3806 1113 3849 esse
1136 3788 1298 3865 dicuntur,
1323 3789 1382 3852 sed

130 3900 237 3958 vitto
259 3895 395 3978 quadam
419 3904 531 3957 sarrcta
553 3895 693 3977 indutae,
719 3894 803 3975 quod
825 3894 987 3976 siguificat
1009 3895 1102 3978 Vlll,
1127 3898 1204 3960 tae:

216 4005 264 4064 Et
284 4007 362 4062 vitta
385 4010 524 4078 comptos
545 4004 645 4064 coluit
661 4003 868 4080 praetendere
890 4023 1005 4066 ramos.

129 4115 305 4191 Utramque
328 4110 440 4170 [rivius
463 4127 589 4191 quoque
612 4117 765 4169 memorat
788 4106 913 4186 XXW,
924 4104 980 4167 30:
1002 4106 1122 4187 „Quos
1145 4110 1198 4171 ubi
1220 4131 1261 4171 ex
1282 4111 1383 4191 signis

130 4237 356 4298 armorumque
380 4218 490 4278 habitu
511 4235 692 4298 cognovere
705 4216 929 4315 ‘Hippocrates
952 4223 1047 4297 atque
1069 4216 1254 4299 Epicydes,
1277 4237 1382 4279 ramos

128 4332 221 4392 oleae
258 4347 297 4391 ac
337 4330 575 4389 veiamento
609 4329 691 4388 alia
724 4326 954 4405 supplicum
1004 4328 1223 4408 porrigentes,
1262 4331 1381 4392 orare.“

128 4437 256 4512 ΧΧΙΧ,
280 4437 334 4498 16:
360 4438 499 4497 „Decem
522 4435 619 4514 legati
634 4436 852 4512 Locrensium,
877 4435 970 4495 obsiti
994 4436 1143 4515 squalore
1164 4443 1196 4494 et
1218 4433 1377 4517 sordibus,

127 4544 160 4604 in
182 4543 310 4604 comitio
339 4541 525 4604 sedentibus
550 4540 729 4602 consulibus
752 4543 986 4603 velamenta
1008 4541 1250 4620 supplicum,
1272 4561 1379 4605 ramos

127 4650 231 4730 oleae,
254 4659 295 4710 ut
317 4647 494 4712 Graecis
518 4665 604 4709 mos
628 4656 703 4722 est,
725 4650 922 4730 porrigentes
944 4657 1019 4709 ante
1041 4647 1175 4708 tribunal
1195 4663 1266 4708 oum
1283 4647 1378 4710 llebili

126 4754 359 4819 vociteratione
378 4756 465 4818 humi
488 4755 751 4838 procubuerunte
795 4756 867 4816 lloc
891 4765 997 4817 tamen
1019 4754 1089 4816 loco
1111 4771 1173 4815 non
1195 4754 1276 4816 satis
1298 4775 1379 4817 con-
