3022 5234
620 241 675 301 lle
697 241 876 302 navibus.

209 428 445 495 Sicmemorot,
468 429 672 504 petulansque
695 425 771 500 lepil
791 425 829 484 ‹le
850 423 955 482 elosae
976 423 1154 501 dirernie,

212 541 416 618 Remiyioque
437 543 533 614 aptot.

128 651 207 731 Agit
230 649 273 729 V,
288 648 372 708 tto:

210 759 436 833 Inpcntemqac
456 751 548 829 Gyas
570 754 693 826 laycali
711 749 792 808 rnole
814 749 1028 824 Chimaeram,
1114 740 1118 746 ’

212 867 310 928 Urbis
330 881 421 942 opas,
444 861 605 936 triplici
628 861 727 936 probeo
749 877 843 938 quam
865 857 1022 918 Dardano
1042 872 1163 913 versa

211 972 388 1052 lupellum,
411 976 525 1030 terne
549 972 746 1043 oonsuryrml
766 965 857 1024 ordi
863 982 911 1023 ae
933 967 1019 1022 remi.

128 1081 193 1153 ulti,
219 1098 313 1160 quum
336 1098 356 1138 e
377 1074 562 1157 Thucydide
583 1077 617 1152 1,
655 1070 702 1134 13.
729 1075 790 1132 iarn
817 1078 994 1139 constaret,
1020 1068 1216 1129 Aminoclem
1244 1065 1369 1127 domum

128 1187 330 1251 Corinthium
357 1187 551 1247 triremes
574 1185 669 1247 multo
691 1189 764 1263 post
787 1189 928 1258 tempora
947 1180 1085 1237 'l'roiana
1103 1175 1297 1252 condidisse,
1320 1175 1369 1234 alii

129 1301 191 1359 iarn
212 1295 371 1376 viderunt,
393 1294 557 1356 Maronem
574 1290 774 1352 Homericam
792 1289 995 1349 subtilitatem
1012 1287 1255 1364 veritatemque,
1277 1301 1370 1363 quarn

127 1405 300 1489 appeliant,
322 1421 518 1486 nequaquam
541 1409 687 1462 secutum
712 1418 795 1460 esse.
835 1398 876 1458 Hi
899 1412 976 1458 vero
999 1398 1074 1457 remi
1097 1415 1136 1455 eo
1158 1411 1286 1474 quoque
1307 1391 1371 1450 dil·

132 1514 237 1590 lerunt
259 1513 298 1572 ab
320 1512 513 1588 Honrericis,
535 1507 617 1590 quod
640 1527 716 1568 aare
737 1515 809 1567 strui
832 1506 957 1577 lirtnuti,
981 1504 1062 1564 unde
1082 1505 1107 1577 l,
1128 1502 1177 1564 35.
1200 1500 1344 1562 'l'roinni2

219 1623 299 1683 Vela
319 1623 439 1680 dabam
459 1620 534 1680 laeli
552 1627 584 1680 el
603 1639 734 1696 spumas
756 1619 835 1677 calio
857 1637 950 1676 nere
972 1617 1114 1676 retebant.
1213 1649 1218 1654 -

132 1733 230 1794 'lusci
251 1733 295 1811 X,
316 1731 394 1792 att:

504 1834 639 1910 Compos
662 1835 743 1920 solis
766 1854 855 1894 uere
877 1836 1036 1894 secatam.

135 1963 338 2026 nequevcro
359 1961 502 2022 semper,
524 1929 602 2004 narn
619 1944 645 2024 1,
668 1943 744 2003 104:
766 1943 978 2019 Franguntur
997 1947 1077 2003 remi
1097 1949 1130 2001 et
1152 1942 1195 2025 V,
1217 1942 1294 2004 205:

642 2050 745 2112 Aeolo
768 2056 801 2111 ln
822 2056 939 2112 rrtrrrt'ce
959 2056 1038 2111 remi

213 2160 335 2222 Obuiam
355 2180 512 2236 crepuere

132 2269 174 2333 cl
194 2271 267 2331 209
290 2270 340 2345 Χ,
362 2267 436 2330 306.
459 2269 663 2349 Quapropter
686 2286 766 2348 opus
791 2276 858 2349 est,
887 2275 920 2328 ut
941 2264 1095 2328 interdum
1117 2268 1299 2404 suppleatur
1321 2288 1374 2328 re-

135 2380 276 2462 migium.
322 2380 366 2439 lta
390 2381 532 2440 Helenus
556 2381 615 2462 lll,
638 2379 708 2439 471.
731 2381 862 2439 Aeneae

214 2491 392 2563 chr'pium
413 2486 550 2566 supplet,
572 2489 675 2544 socios
696 2486 793 2544 sirnul
810 2489 943 2544 instruit
961 2487 1069 2544 armis.
1172 2518 1181 2534 κ

133 2596 183 2656 lic
204 2593 387 2656 vehementi
408 2592 625 2673 remigantium
648 2597 712 2654 ictu
735 2593 794 2669 ill,
815 2591 886 2652 560.
908 2591 1038 2652 dicitur:

775 2702 939 2776 Insrtrpile
956 2706 1060 2761 remia.

133 2809 184 2872 Ad
207 2810 368 2891 remigium
390 2811 435 2892 V,
458 2809 527 2872 136.
549 2807 619 2872 663.
642 2808 718 2881 759,
736 2816 919 2869 transtra
940 2827 1066 2889 quoquc
1089 2807 1264 2889 pertinent,
1293 2820 1399 2887 quo-⁰

133 2935 203 2977 rum
226 2936 338 2978 nomen
360 2919 416 2999 ΙΙΙ,
438 2920 509 2982 289.
552 2915 703 2994 IV‚²73.

219 3051 286 3112 Sed
307 3061 432 3133 praeter
454 3070 557 3112 ternos
580 3045 779 3132 transireque
800 3052 879 3113 aliae
902 3053 995 3114 etiam
1008 3051 1205 3132 spectandae
1218 3062 1292 3114 sunt
1314 3073 1374 3114 na-

136 3159 222 3220 vium
249 3168 368 3238 partes.
412 3162 609 3221 Notissimae
639 3170 710 3221 sunt
740 3180 902 3244 prorae,
938 3180 1017 3241 quoe
1039 3169 1206 3222 aeratae
1228 3162 1277 3240 X,
1305 3161 1376 3223 2⁶23.

136 3276 302 3344 vocantur,
323 3268 352 3328 iu
374 3269 552 3348 quibusque
573 3278 705 3329 rostra
726 3277 800 3329 sunt
821 3269 896 3348 lixa,
920 3289 1002 3350 quae
1026 3269 1069 3346 V,
1096 3267 1161 3329 113.
1195 3272 1286 3349 Vlll,
1303 3272 1376 3332 690.

137 3373 179 3434 ad
203 3375 248 3434 rei
271 3377 437 3437 veritatem
463 3395 616 3455 expressa
637 3379 784 3436 tridentin
805 3377 1009 3456 appellantur.
1053 3377 1104 3440 cf.
1127 3379 1170 3458 X,
1198 3379 1268 3440 295.
1293 3381 1378 3440 'l'ar-

136 3483 261 3545 clrontis
283 3482 550 3569 adhortationem:

676 3593 841 3652 lnirrrioom
863 3594 1011 3671 findite
1032 3598 1145 3652 rosiris

222 3700 317 3760 Hanc
338 3706 468 3780 terrum,
490 3700 677 3780 caelorumque
698 3703 760 3760 sibi
775 3709 900 3778 premat
919 3705 990 3780 apsa
1011 3707 1132 3764 corr'no.

139 3810 288 3872 Formam
310 3813 341 3870 in
365 3812 467 3870 ritimis
490 3818 522 3870 et
545 3810 674 3889 picturis
696 3811 832 3891 antiquis
854 3811 962 3874 habes:

222 3920 271 3981 lle
302 3923 511 4002 puppibus
542 3920 655 3982 deiude
690 3933 797 3984 notatu
822 3923 971 4004 dignum,
1002 3921 1085 4004 quod
1108 3921 1151 3996 V,
1179 3918 1249 3982 633.
1274 3926 1379 3999 pictae

137 4029 247 4088 abiete.
269 4028 312 4102 V,
336 4029 403 4090 198.
424 4051 517 4091 aereo
540 4032 732 4112 appellatur,
756 4010 883 4111 dignius
905 4031 997 4105 Vlll,
1019 4028 1097 4092 693:

226 4135 325 4195 Tanto
345 4138 425 4198 mole
444 4141 505 4198 oiri
531 4143 643 4199 turri
649 4144 704 4198 lis
723 4141 881 4216 pompilius
902 4144 1032 4203 instant.

138 4257 193 4318 ubi
213 4259 349 4320 Servius
371 4259 479 4323 docte:
527 4263 619 4324 allec
646 4261 684 4322 de
706 4263 835 4324 historia
858 4266 973 4340 traxit3
1001 4283 1072 4325 nam
1095 4264 1240 4346 Agrippa
1261 4267 1379 4342 primus

138 4366 202 4427 hoo
223 4385 324 4448 genus
344 4368 474 4429 turrium
496 4368 625 4440 invenit,
648 4379 681 4430 ut
703 4369 744 4431 de
765 4371 915 4431 tabulatis
937 4372 1041 4432 subito
1055 4373 1261 4451 erigerentur,
1284 4370 1380 4430 simul

139 4490 181 4533 ac
202 4481 331 4534 ventum
354 4484 442 4535 esset
474 4476 503 4536 iu
530 4476 703 4557 proelium,
736 4486 839 4538 turres
871 4479 1014 4540 hostibus
1047 4479 1268 4560 improvisum
1312 4477 1379 4540 Sed

140 4599 203 4640 non
226 4598 282 4641 aas
303 4589 399 4660 poeta
422 4589 555 4664 tangere
577 4581 702 4643 videtur
723 4591 847 4663 turres,
879 4604 962 4665 quae
990 4583 1029 4645 de
1052 4585 1187 4646 navibus
1207 4586 1379 4666 improviso

139 4686 322 4769 eriguntur,
345 4686 405 4748 sed
426 4705 509 4766 quae
531 4690 562 4748 iu
582 4688 661 4767 ipsis
682 4687 767 4752 fixae
794 4698 889 4751 stant
931 4693 999 4752 lam
1022 4690 1084 4754 Cn.
1104 4691 1274 4771 Pompeius
1296 4691 1379 4754 iilius

139 4800 223 4857 teste
246 4793 389 4857 Caesare
409 4796 444 4856 B.
469 4795 541 4862 Civ.
555 4797 622 4872 lll,
639 4797 699 4859 1οε
717 4818 868 4880 ananam,
890 4816 974 4879 quae
992 4806 1062 4860 orat
1082 4796 1124 4861 ad
1145 4796 1318 4860 custodiam
1340 4797 1381 4858 ab
