3022 5234
127 247 191 310 256
257 286 260 291 Δ
579 247 641 309 De
661 256 752 311 arte
773 246 938 310 musica.

212 433 353 493 Horrida
372 433 548 508 carraciaco
568 435 746 509 pinguntur
764 432 887 510 proelio
908 451 1003 492 cocco.

209 540 349 602 Additur
370 548 485 600 aurata
505 543 645 601 deiectus
667 544 797 620 crispide
823 542 955 618 prboa
976 573 1023 609 -⁴
1039 570 1080 584 —

215 649 288 709 Tute
307 650 383 708 deae
403 649 506 707 uelum
527 649 674 707 sollemni
693 652 726 706 in
747 654 887 726 tempore
906 655 1047 726 portant.

130 757 223 836 Quae
246 757 285 818 de
306 759 398 838 peplo
421 757 556 818 Athenis
577 759 607 818 in
630 757 873 820 Panathenaicis
895 760 1056 822 celebrato
1079 779 1133 822 res
1155 769 1206 824 est
1226 781 1244 823 e
1266 762 1374 845 scrip-

129 867 247 927 toribus
269 869 543 946 monumentisque
565 866 738 927 uotissima.
768 867 819 927 De
840 866 982 928 Palladis
1004 868 1121 951 pugnis
1154 870 1229 931 vide
1256 870 1374 933 Miiller

131 981 162 1033 et
186 970 343 1034 Oesterlei
364 981 567 1035 monumenta
588 974 664 1035 artis
686 975 837 1054 antiquae
857 975 898 1056 11,
919 975 949 1039 2.
971 995 1016 1040 nr.
1039 974 1111 1038 229.
1130 976 1204 1041 230.
1225 976 1301 1040 231.

702 1192 736 1281 ς.
757 1197 808 1261 se.

574 1357 633 1409 lle
651 1356 741 1407 arte
758 1353 927 1410 musica.

212 1527 325 1591 Diffort
346 1527 511 1591 Romanae
532 1523 706 1587 iuventutis
726 1521 871 1583 educatio
892 1540 912 1583 a
936 1520 1084 1585 Graecae
1111 1527 1236 1588 musica
1264 1527 1370 1608 potis-

131 1637 243 1698 simum
275 1646 344 1699 arte
370 1637 411 1698 ab
442 1637 494 1697 illa
514 1655 577 1696 non
610 1635 755 1712 exculta3
787 1632 846 1694 sed
869 1635 980 1715 partim
1002 1655 1044 1696 ex
1067 1635 1195 1698 Etruria
1216 1638 1372 1716 partime

132 1746 270 1812 Graecia
292 1748 437 1827 Asiaque
459 1746 561 1806 omnia
585 1744 651 1805 iere
673 1744 879 1806 instrumenta
895 1746 1029 1808 Romam
1040 1748 1191 1828 Augusto
1214 1755 1372 1830 regnante

132 1866 221 1921 erant
240 1858 346 1932 inlata,
375 1872 455 1935 quae
477 1863 572 1933 poeta
595 1852 785 1913 carminibus
809 1854 898 1925 uario
921 1872 1015 1934 opere
1036 1856 1168 1917 miscuit.

213 1966 368 2028 Ftsbvbn
399 1968 522 2023 rustica
555 1959 650 2040 (Cup.
684 1961 731 2021 10.
761 1963 904 2023 calamus
938 1964 1096 2041 palustris
1133 1962 1204 2028 cut.
1241 1964 1310 2038 71.)
1343 1963 1373 2024 ἰιι

132 2074 264 2154 Eclogis
287 2073 364 2133 solis
386 2090 404 2129 a
427 2079 523 2150 poeta
546 2067 720 2130 adhibetur.
744 2067 903 2150 originem
923 2078 1030 2130 narrat
1051 2071 1094 2150 ll,
1115 2070 1175 2133 321

216 2187 289 2247 Pan
308 2185 433 2259 primus
455 2180 595 2239 calamos
617 2198 691 2237 cera
712 2182 903 2255 coainaqere
921 2180 1027 2256 piaris

215 2294 369 2353 Instituit.

133 2406 190 2485 Ill,
210 2405 270 2466 251

216 2513 381 2576 Cantando
403 2516 439 2570 tu
459 2509 574 2569 illam?
615 2508 687 2570 Aret
704 2530 853 2589 umquam
875 2512 931 2571 tibi
946 2509 1056 2589 fistula
1077 2527 1152 2569 cero

214 2623 332 2682 leonata
350 2619 440 2696 fuit?
460 2637 524 2677 nort
546 2624 581 2677 tu
604 2622 638 2677 iu
659 2622 769 2693 triviis,
793 2621 925 2693 indocte,
948 2619 1073 2679 solebas

215 2727 372 2788 stridenti
390 2732 540 2786 miserum
560 2726 680 2803 stipala
702 2727 883 2804 disperdere
910 2725 1062 2786 carmen?

133 2838 175 2918 ll,
197 2835 256 2899 36:

214 2947 280 3006 Est
298 2944 377 3003 mibi
396 2944 578 3021 disparibus
599 2948 716 3018 septem
739 2949 899 3019 compacto
920 2946 1033 3003 cicutis

213 3050 350 3123 Fistula,
373 3052 545 3111 Damoetas
569 3051 648 3109 dono
669 3051 748 3109 mibi
768 3070 862 3129 quam
883 3052 969 3111 dedit
988 3052 1070 3112 olim.

132 3161 256 3224 Fistula
277 3160 308 3221 in
331 3159 539 3221 monumentis
560 3159 737 3240 permultis,
766 3160 819 3221 ubi
848 3161 917 3222 Pan
951 3160 1077 3243 aliaque
1105 3160 1234 3223 numina
1258 3162 1379 3223 rustica

133 3269 260 3352 adsunt,
283 3267 454 3347 conspicua
477 3273 535 3329 est.

214 3377 312 3437 Tmm
335 3372 487 3434 interdum
512 3373 608 3434 ebore
630 3372 790 3454 coniecta,
814 3381 850 3434 ut
871 3372 994 3456 Georg.
1017 3376 1059 3449 11,
1086 3374 1160 3440 193:

213 3484 343 3561 Instooit
362 3502 431 3541 oum
450 3485 581 3558 pinquis
602 3484 701 3543 ebur
726 3483 913 3561 Tyrrhenus
935 3484 981 3543 ud
999 3504 1084 3544 arus.

133 3587 189 3650 ubi
209 3587 360 3649 Servius:
384 3587 490 3662 „Ebur
512 3596 616 3648 autem
639 3587 784 3648 tibiarum
807 3587 898 3666 dicit,
932 3588 1044 3669 quihus
1080 3589 1240 3651 inaurem
1263 3609 1375 3654 sacer-

134 3692 218 3756 dotis
242 3711 357 3755 canore
381 3692 554 3753 sciebantur
583 3692 706 3753 Plinius
734 3692 777 3752 N.
799 3692 840 3755 Η.
862 3691 954 3774 xv1‚
975 3692 1027 3754 aa.
1054 3710 1111 3755 eas
1138 3713 1157 3754 e
1186 3693 1276 3757 buxo
1299 3715 1378 3758 con·

135 3803 239 3864 iectus
260 3799 370 3863 tradit:
396 3800 510 3861 nNunc
531 3798 698 3860 sacrificae
722 3796 849 3876 [tibiae]
875 3799 1053 3860 Tuscorum
1076 3819 1095 3860 e
1121 3800 1217 3883 buxo,
1236 3803 1376 3868 ludicrae

135 3932 214 3975 vero
236 3914 301 3972 loto
322 3909 513 3989 ossibusque
535 3907 668 3968 asininis
697 3915 732 3967 et
764 3915 898 3990 argento
931 3906 1039 3968 fiunto
1071 3908 1234 3991 Vergilius
1263 3913 1376 3976 buxum

134 4021 229 4083 tibiae
250 4018 414 4100 Phrygiae
436 4015 579 4078 corroedit
597 4016 658 4094 tx,
680 4014 759 4077 618:

215 4127 388 4206 Dindyma,
409 4127 465 4186 ubi
482 4126 626 4184 adsuetis
647 4125 778 4203 biforem
798 4126 855 4185 dat
873 4127 950 4186 tibia
972 4132 1108 4187 cantum.

221 4240 383 4318 Tympana
403 4257 459 4298 vos
478 4238 682 4317 bacasque
703 4245 797 4299 uocat
817 4241 1010 4317 Berecyntia
1029 4239 1150 4301 Matris

217 4349 343 4408 Idaeae.

135 4457 271 4519 Servius
294 4461 424 4538 biforem
446 4461 573 4515 contum
594 4455 638 4515 ita
665 4455 819 4535 explicat:
856 4456 995 4538 „Tibiae
1016 4464 1071 4517 aut
1093 4457 1303 4519 Serranae
1331 4447 1377 4512 di·

137 4573 263 4644 cuutur,
287 4577 463 4644 quaesunt
486 4580 579 4642 pares
605 4569 637 4623 ct
663 4564 815 4643 aequales
830 4563 946 4624 babent
964 4578 1143 4644 cavernas,
1176 4568 1238 4623 aut·
1258 4559 1378 4639 Phry·

134 4676 249 4755 gine,
273 4691 355 4751 quae
377 4679 408 4731 ct
432 4671 569 4750 impares
591 4678 664 4730 sunt
687 4676 719 4731 ct
742 4670 928 4749 inaequales
951 4670 1067 4730 babent
1090 4647 1311 4729 cavernas'-
1341 4695 1379 4712 ·-

137 4781 180 4844 Ut
208 4779 289 4840 enim
324 4780 368 4841 ait
398 4780 522 4842 Varrot
558 4778 650 4840 Tibia
679 4777 820 4860 Phrygia
848 4776 961 4839 dextra
992 4794 1086 4838 uuum
1108 4773 1253 4839 toramen
1274 4772 1377 4851 baba,
