3022 5234
193 239 257 302 220
589 242 646 304 lie
667 242 837 306 moribus
857 245 1050 328 antiquis.

278 425 332 487 lll.
376 424 572 484 Fourrrvno
607 423 647 486 de
682 427 793 489 Aenea
828 445 955 510 quoque
986 428 1207 509 praedicatur,
1243 447 1307 509 quo
1345 448 1438 492 uerno

194 535 237 606 (l,
256 533 347 612 545.)
384 535 462 595 lello
490 540 590 595 maior
612 540 769 610 sturmis,
794 557 886 618 quem
908 539 1058 601 mirantur
1079 539 1159 614 [Xl‚
1184 538 1267 611 tao.)
1289 540 1364 599 belli
1383 541 1436 600 lu·

193 644 302 702 loram
328 642 447 725 gratia,
482 644 536 729 qui
560 662 649 706 arma
673 645 710 706 in
732 644 847 706 'l'roiae
875 645 1019 707 incendio
1041 647 1149 726 arripit
1169 648 1285 708 multos
1306 649 1435 709 occisu-

195 767 265 824 rus,
296 748 347 828 qui
379 751 519 812 'l'uruum
549 750 694 815 trucidat.
738 751 789 814 Cl.
810 752 871 832 Xl,
892 751 970 815 283:

737 885 884 962 Experto
908 889 1035 961 credite,
1056 893 1196 966 quantus

273 991 314 1050 In
333 990 467 1064 clipeum
487 991 653 1070 adsrtrqat,
677 1009 738 1069 quo
760 992 884 1051 turbiue
904 998 1049 1071 torqueat
1068 993 1203 1055 lustum.

193 1118 314 1180 Verum
343 1118 424 1180 enim
459 1139 536 1180 vero
561 1121 663 1182 acrius
694 1118 872 1201 dispicienti
904 1121 954 1182 illa
986 1120 1123 1182 maxime
1134 1120 1258 1183 deesse
1278 1123 1436 1187 videbitur

193 1225 263 1309 regi
290 1226 428 1287 'l'roiano
456 1225 567 1287 virtus.
608 1226 734 1310 Ubique
763 1229 843 1290 euim
870 1247 932 1288 non
953 1228 1053 1307 ipsius
1075 1227 1186 1291 merita
1207 1229 1360 1312 factaque
1381 1251 1434 1294 res

195 1332 236 1394 ad
273 1340 424 1394 eventum
445 1333 635 1413 perducunt,
659 1334 717 1396 sed
741 1334 869 1397 deorum
892 1339 1103 1414 intorvoutns3
1126 1339 1313 1400 lamentatur
1333 1340 1435 1401 inter-

194 1444 372 1507 dumheros
386 1445 521 1508 feminae
536 1448 640 1528 potius
654 1468 754 1529 more,
777 1467 870 1530 quarn
892 1450 1118 1534 viri,-ignem
1141 1470 1197 1532 per
1216 1468 1318 1513 naves
1336 1424 1434 1532 spar-

194 1571 263 1613 sum
276 1555 414 1636 luppiter
425 1557 551 1636 pluvius
574 1558 841 1642 restinguit‚—in
860 1559 1001 1621 infernos
1023 1559 1104 1621 duce
1127 1560 1271 1621 fabuloso
1296 1556 1432 1641 quodam

194 1678 282 1722 ramo
303 1662 485 1745 descendit,
514 1665 631 1727 auxilia
654 1666 768 1747 ubique
790 1668 961 1746 conquirit,
991 1666 1137 1728 cauditum
1159 1684 1285 1746 semper
1307 1665 1433 1727 numine

194 1765 294 1828 fretus
317 1768 420 1829 omnia
441 1769 573 1850 perficit.
616 1771 678 1833 Ubi
696 1772 845 1853 periculis
866 1772 1010 1855 cingitur,
1034 1772 1163 1832 aliorum
1186 1789 1280 1832 manu
1296 1770 1436 1849 eripitur.

195 1873 398 1959 Quantopere
421 1881 546 1941 Turnus
567 1871 679 1942 distat!
724 1876 827 1957 Quam
850 1879 939 1940 fortis
962 1880 1017 1960 ille
1039 1890 1133 1960 atque
1162 1897 1256 1960 acer,
1291 1878 1345 1959 qui
1374 1856 1435 1954 subi

194 1983 330 2064 quodam
351 1986 503 2067 impulsu,
532 2003 591 2047 sua
613 1986 658 2046 ira
679 2003 840 2046 accensus
861 1986 995 2064 patriam
1016 1994 1130 2048 terram
1153 1985 1193 2046 ab
1215 1985 1352 2049 advenis
1374 1979 1435 2050 dess

193 2092 339 2170 feudare,
366 2112 515 2173 sponsam
538 2094 598 2155 sibi
627 2113 644 2154 e
671 2112 764 2155 mann
794 2097 920 2156 externi
947 2091 1106 2155 cuiusdam
1135 2091 1281 2156 advenae
1301 2113 1434 2158 servare

194 2203 338 2266 conatur!
381 2202 454 2263 Non
477 2191 601 2283 dubito,
632 2204 705 2284 quin
726 2208 822 2283 poeta
844 2221 914 2263 eum
938 2203 1075 2262 voluerit
1096 2202 1221 2263 macula
1244 2202 1351 2280 aliqua
1372 2219 1433 2262 no-

195 2320 274 2391 tare,
296 2319 435 2372 attamen
457 2311 561 2371 evasit
583 2329 695 2371 revera
718 2330 780 2371 non
803 2309 928 2388 poetica
950 2306 1102 2389 quaedam
1125 2306 1311 2389 phantasiae
1337 2306 1432 2381 fictio,

194 2419 252 2480 sed
275 2419 332 2480 viri
352 2417 442 2480 fortis
471 2417 595 2501 imago,
625 2419 677 2499 qni
708 2420 887 2481 calamitate
910 2438 1010 2499 paene
1032 2436 1204 2498 oppressus
1226 2416 1363 2478 animum
1385 2416 1435 2477 in-

193 2525 413 2610 defatigatam,
434 2530 657 2591 inconcussum
680 2530 819 2591 exhibet.
862 2528 985 2607 Quodsi
1005 2529 1145 2588 'l'urnum
1167 2526 1288 2586 victum
1310 2525 1434 2604 palmas

194 2636 335 2699 tendisse
356 2640 438 2715 xil,
462 2637 534 2700 936.
556 2647 680 2720 narrat,
702 2659 797 2721 quum
820 2657 881 2698 uon
903 2639 1074 2698 conveniat
1095 2633 1178 2696 omni
1199 2632 1267 2694 eius
1290 2649 1434 2694 consuc-

195 2743 293 2806 tudiui
318 2754 351 2807 et
373 2745 479 2831 indoli,
496 2749 594 2811 lector
615 2757 729 2829 poetae
751 2746 844 2808 fidem
866 2745 1010 2826 derogat.
1054 2741 1206 2804 Camillae
1227 2756 1356 2820 quoque
1380 2744 1434 2803 vi·

193 2855 312 2935 raginis
342 2855 477 2920 audacia
504 2866 537 2918 et
566 2855 716 2919 fortitudo
748 2855 873 2916 felicius
904 2853 1032 2916 carmini
1060 2850 1187 2915 videtur
1209 2867 1282 2912 esse
1303 2850 1435 2913 intexta.

194 2961 344 3024 Ceterum
371 2963 581 3044 descriptione
611 2960 765 3025 interdum
797 2963 997 3024 ornatissima
1030 2979 1111 3022 usus
1140 2969 1190 3023 est
1218 2958 1384 3040 Vergilius
1405 2961 1436 3019 in

192 3070 328 3152 simplici
355 3081 387 3133 et
416 3070 557 3132 infucata
588 3070 640 3131 illa
661 3068 859 3151 antiquorum
881 3067 1065 3149 populorum
1088 3068 1204 3131 virtute
1226 3063 1436 3129 describenda

193 3197 225 3239 v.
247 3197 279 3261 g.
302 3197 395 3258 quarn
417 3179 585 3240 Numanus
607 3175 716 3240 laudat
737 3172 886 3239 Italorum
909 3177 973 3258 lX,
995 3175 1076 3240 6033

273 3313 401 3373 Durum
422 3312 460 3370 ul
482 3313 580 3386 stirpe
598 3329 702 3387 penus
723 3316 815 3370 natos
836 3309 879 3369 ad
896 3313 1031 3390 fiumina
1049 3313 1187 3387 parinum

273 3421 456 3499 Referimus
477 3437 631 3497 saeuoque
651 3418 726 3495 qelu
747 3419 901 3479 deleamus
921 3424 955 3478 et
974 3420 1088 3496 undis3

279 3527 404 3586 Veuatu
425 3525 594 3602 inuigilant
611 3528 719 3598 pueri,
742 3525 903 3603 silvasque
918 3528 1081 3603 [clipeum

274 3636 420 3700 Flectere
440 3637 537 3697 ludus
560 3655 655 3715 equos
677 3642 710 3695 et
728 3637 853 3713 spicula
875 3638 1003 3696 tendere
1025 3654 1134 3696 cornu.

274 3744 322 3806 At
337 3747 464 3822 paticus
484 3761 612 3812 operum
632 3761 792 3821 parcoque
813 3744 947 3804 adsueta
967 3746 1115 3804 iuventus
1169 3728 1173 3733 ’

274 3856 344 3917 Aut
362 3857 480 3916 rostris
500 3859 619 3913 terram
639 3854 752 3924 domat,
776 3862 834 3916 cut
852 3860 955 3935 qrrub‘t
974 3859 1087 3934 oppidu
1107 3854 1186 3916 bello
1208 3898 1215 3912 .
1239 3897 1246 3911 .
1266 3894 1277 3917 .
1301 3897 1311 3914 .

195 3986 360 4070 usquead
382 3973 510 4048 vstilss.
553 3986 676 4049 ltaliam
699 3986 861 4068 praedicat
885 3984 1006 4072 Georg.
1028 3991 1070 4070 ll,
1098 3987 1175 4052 1673

271 4119 362 4180 Haec
381 4139 485 4197 penus
505 4141 577 4180 ecre
598 4124 709 4190 virum,
734 4120 865 4179 Marsos
884 4122 1057 4199 pubemque
1078 4119 1254 4196 Sabellum,

275 4227 511 4308 Adsuetamque
532 4229 614 4289 mulo
637 4229 801 4305 Lipurem,
830 4229 1021 4309 Volscosque
1041 4236 1169 4290 ceratos

139 4394 143 4399 .
272 4336 416 4412 astute,
437 4337 515 4397 baec
535 4339 661 4418 Decios,
684 4338 811 4400 Marios
835 4357 1029 4420 magnosque
1051 4340 1210 4404 Camillos.

194 4457 237 4534 Π,
258 4457 335 4523 5303
543 4515 546 4522 .

274 4567 476 4650 Οονροναᾳαε
497 4546 619 4647 cyresti
637 4572 762 4631 nudam
778 4572 940 4649 praedura
956 4572 1128 4648 palestrae.

192 4676 399 4758 Temporibus
427 4681 549 4742 luxurie
576 4681 787 4744 marcentibus
807 4690 922 4764 poetae
944 4683 1018 4744 talia
1039 4690 1147 4747 amant
1168 4692 1200 4746 et
1220 4704 1299 4766 prae
1322 4700 1363 4747 se
1386 4684 1441 4747 le·

192 4794 263 4846 runt
286 4786 414 4865 priscae.
433 4789 558 4850 virtutis
584 4791 739 4870 exempla.
