3022 5234
622 274 678 338 Dc
701 271 884 334 navibus.
1318 276 1372 337 rat

127 451 204 512 Nou
225 452 327 513 scium
349 453 469 534 itaque,
504 463 539 514 ut
565 474 691 532 semper
719 454 803 532 apud
833 455 1027 532 posteriores
1049 464 1162 535 poetas
1183 457 1251 518 fieri
1273 426 1380 535 rotet,-

129 578 209 623 usus
231 561 348 622 rnaiore
367 569 527 625 numinum
550 564 642 644 copia
672 562 844 643 Vergilius·
858 572 926 640 est,
956 565 1016 626 sed
1045 567 1207 639 singulare
1246 563 1376 646 quidet
1497 561 1499 564 ’

128 669 226 733 Italici
248 672 325 736 iuris
346 676 496 756 reliquias
518 675 660 739 reddidit.
685 674 778 755 Apud
802 675 990 756 Dionysium
1015 653 1154 756 quoqne*
1178 674 1248 734 Hal.
1273 674 1313 734 A.
1335 675 1374 736 R.

128 779 172 859 ll,
191 779 255 849 ὅθί.
269 782 424 847 Romulus
446 785 505 846 seii
524 772 692 869 Ὀρθωσίῳ
713 778 779 846 Art
792 785 879 859 [Iovi
891 784 1029 848 Statarii
1051 781 1229 845 sacrificat:
1257 770 1375 857 Τάτιος

130 879 167 946 δὲ
189 873 294 968 Ἡλίῳ
315 883 371 948 aori
391 878 513 974 Σελήνῃ
533 888 588 961 noi
610 878 725 972 Κρόνῳ
748 885 803 951 καὶ
823 879 911 971 wip,
932 879 1018 975 πρὸς
1045 884 1082 950 δὲ
1111 876 1238 962 τούτοις
1263 879 1376 973 Ἑστίᾳ

132 989 187 1054 καὶ
221 983 398 1079 Ἡφαίστῳ
423 995 479 1059 καὶ
512 986 679 1082 Ἀρτέμιδι
699 993 763 1061 ,καὶ
791 987 946 1078 Ἐνυαλίῳ
969 994 1033 1059 aot
1052 988 1164 1070 ἄλλοις
1194 999 1300 1073 θεοῖς,
1334 987 1378 1059 ὦν

130 1091 274 1178 mando
295 1095 590 1197 §darneirfEddoido
611 1094 735 1191 γλώττῃ
754 1095 797 1168 oei
815 1093 967 1185 ὀνόματα.
989 1108 1134 1168 Latonae
1142 1126 1247 1183 penna
1258 1108 1379 1183 drrplcc

131 1213 304 1293 respondet
323 1201 424 1295 Ἡλίῳ
445 1211 499 1276 καὶ
519 1204 641 1300 Σελήνῃ
669 1206 876 1298 (Ἀρτέμιδι),
911 1218 1045 1277 Mancre
1073 1204 1240 1294 Ἐνυαλίῳ,
1274 1216 1377 1276 Ianua

131 1319 193 1380 diis
215 1320 289 1404 itus,
312 1342 445 1404 quorum
467 1327 593 1386 nomina
612 1327 813 1406 pronuntiato
837 1333 887 1385 est
909 1323 1045 1388 difficile.
1081 1323 1174 1404 Apud
1198 1324 1375 1384 Homerum

133 1426 282 1507 denique,
306 1435 342 1488 ut
362 1430 540 1509 alia,.quae
560 1430 589 1490 in
611 1430 716 1492 saeris
745 1431 959 1509 explicentur,
985 1428 1140 1509 pacisque
1170 1430 1274 1510 ipsius
1295 1447 1377 1491 con·-

94 1540 96 1545 '
132 1533 277 1595 diciones
312 1535 575 1615 omittam9·-unus
597 1545 717 1598 tantum
747 1536 830 1596 iurat
855 1536 1001 1596 manibus
1028 1535 1121 1616 etatis
1154 1535 1377 1616 Agamemnon

131 1642 262 1726 (χεῖρας
280 1628 426 1718 ἀνασχών
449 1644 506 1722 ΙΙΙ,
527 1643 736 1724 275),.-apud
760 1645 926 1706 Maronem
948 1651 1094 1722 uterque,
1117 1643 1247 1705 Aeneas
1267 1648 1379 1710 stricto

133 1773 214 1814 ense
235 1754 325 1831 (ΧΙΙ,
343 1752 437 1827 tra),
460 1753 593 1816 Latinus
614 1763 776 1834 sceptrum
799 1754 914 1817 dextra
933 1762 1046 1816 teneus
1077 1755 1168 1835 (xit,
1186 1752 1274 1822 206.)
1296 1732 1380 1814 dea·

135 1868 280 1940 tramque
302 1865 406 1942 ipsam
429 1861 545 1925 totiens
559 1863 657 1943 (ΧΙΙ,
684 1861 799 1931 raca·-

648 2102 651 2109 .
698 2060 749 2150 .§.
771 2066 820 2128 55
876 2104 881 2113 .

546 2222 549 2227 '
602 2223 692 2278 'ne
710 2223 895 2278 navibus.

193 2424 195 2428 >
219 2348 492 2470 Quemadmodum
507 2391 669 2476 vegetius
683 2391 756 2455 belii
777 2391 901 2453 navalis
922 2403 1093 2484 praecepta
1112 2394 1192 2456 ¹libro
1214 2352 1325 2475 quarto
1342 2394 1382 2456 de

135 2520 170 2562 re
192 2500 317 2562 militari
338 2498 468 2583 addidit,
486 2500 579 2562 nohis
600 2516 839 2581 quoque,quum
854 2517 978 2578 ,magna
992 2500 1065 2562 belii
1086 2501 1116 2562 in
1133 2498 1275 2563 Aeneide
1296 2498 1384 2580 gesti

137 2625 210 2688 pars
232 2608 370 2669 navibus
392 2609 537 2671 Troianis
564 2615 702 2692 agatur,
736 2625 846 2668 earum
878 2608 1145 2669 constructionem
1178 2605 1383 2687 effigiemque
1481 2618 1485 2632 '

136 2713 346 2776 demonstrari
368 2716 554 2794 permissum
577 2714 644 2776 erit.
694 2713 899 2793 Quantopere
928 2732 948 2773 a
976 2712 1103 2774 rudibus
1140 2712 1200 2774 iilis
1229 2713 1382 2774 Homeri·

137 2839 246 2883 corum
270 2823 443 2885 carminum
466 2821 669 2884 incrementis
691 2819 854 2896 differant,
890 2830 987 2902 atque
1009 2819 1229 2903 adsummam
1253 2821 1297 2880 rei
1322 2839 1383 2883 na·

138 2928 222 2989 vatis
245 2938 389 3010 tempore
409 2929 581 3012 Augustae
606 2927 833 3007 perfectionem
856 2929 920 2990 sint
942 2934 1112 3002 exaratae,
1134 2946 1228 3009 spero
1256 2929 1325 2988 fore
1348 2935 1382 2991 ut

138 3056 230 3097 nomo
262 3057 323 3099 uon
356 3039 533 3118 perspiciat.
587 3037 735 3099 Navibus
765 3055 806 3097 ex
832 3034 889 3096 Ida
918 3042 1025 3096 monte
1055 3034 1190 3098 conditis
1219 3053 1257 3095 se
1284 3034 1381 3094 Troia

139 3145 315 3224 navigasse
335 3154 442 3206 narrat
462 3145 594 3205 Aeneas
614 3145 671 3223 ΙΙΙ,
699 3143 735 3204 5:

707 3251 911 3329 classemque
930 3251 989 3311 and
1008 3255 1079 3327 ipro

223 3359 392 3421 Antandro
412 3369 445 3422 et
464 3362 628 3438 Phrygiae
647 3361 793 3422 molimur
815 3359 972 3417 mentitae
991 3357 1080 3417 Idae.

137 3467 305 3531 coufirmat
326 3477 421 3550 poeta
443 3469 502 3549 lX,
524 3469 586 3533 80:

228 3580 375 3657 Tempora
395 3599 457 3658 pne
475 3583 614 3669 primam
635 3577 781 3657 Phrygio
799 3578 962 3657 formabat
981 3579 1015 3636 in
1039 3577 1097 3637 Ida
1176 3574 1179 3580 ’

223 3685 352 3764 Aeneas
374 3687 520 3761 chanaam,
542 3690 574 3743 et
591 3684 702 3762 pelopi
720 3691 828 3773 petere
848 3684 915 3743 olto
933 3684 1080 3762 parabat.

140 3794 268 3878 Viginti
295 3794 428 3855 navibus
448 3811 484 3853 se
507 3791 638 3853 venisse
658 3791 821 3872 profitetur
842 3788 923 3854 idem
947 3792 1077 3852 Aeneas
1098 3791 1124 3865 Ι,
1144 3787 1221 3853 381:

226 3905 285 3963 Bia
308 3905 398 3962 denia
419 3903 597 3982 Plorppinm
619 3903 791 3979 conscendi
809 3902 942 3963 nacitur
962 3919 1089 3980 aequor.

142 4030 273 4090 quarum
296 4010 443 4090 quamvis
462 4031 484 4095 ve
504 4017 696 4091 tempestate
718 4009 869 4071 Siciliane
889 4007 987 4087 primo
1017 4004 1141 4086 quidem
1163 4011 1289 4087 septem
1310 4013 1391 4068 tan-⁴

141 4129 208 4180 tum
230 4125 380 4178 servatae
400 4125 509 4179 esseut
530 4117 734 4198 (383.)‚mox
752 4126 857 4179 tamen
881 4133 990 4177 omrres
1011 4113 1138 4185 iubente
1160 4114 1288 4176 Venere
1310 4131 1389 4193 por·-
1480 4170 1484 4184 ,

144 4237 209 4288 tum
240 4233 408 4287 tenuerunt
435 4226 551 4295 (400),
600 4226 691 4305 Quae
720 4234 816 4287 autea
846 4223 1000 4287 disiectae
1030 4225 1082 4286 vel
1110 4225 1233 4286 fractae
1254 4224 1390 4298 fueraut,

143 4335 266 4395 Heleno
289 4343 420 4396 auctore
442 4334 575 4415 remigio
598 4334 765 4414 suppletae
793 4339 877 4407 aurit.
928 4329 1156 4412 Carthaginem
1184 4347 1307 4412 quoque
1336 4329 1388 4390 io-

143 4454 236 4523 tegra
269 4441 386 4503 elassis
414 4440 497 4520 (IV,
527 4441 614 4508 582⁴)
640 4421 807 4520 reliquisse
835 4441 972 4505 videtur.
1022 4438 1116 4521 Apud
1146 4440 1287 4508 Siciliam
1308 4459 1389 4502 vero

142 4555 244 4632 ipsam
266 4546 419 4630 quaedam
444 4547 569 4609 feminis
589 4548 694 4608 Beroa
714 4547 874 4628 instigatis
896 4545 1120 4609 comburuntur
1143 4545 1187 4624 V,
1209 4545 1285 4609 698:

312 4682 497 4742 Reatinctna
519 4681 617 4741 donec
637 4698 735 4758 anper
755 4682 869 4758 omnia,
891 4685 924 4741 ct
942 4697 1061 4754 omnes,
1118 4751 1127 4765 α

230 4789 434 4865 Quattuor
455 4790 591 4861 amieria,
613 4791 759 4849 acroama
779 4807 800 4847 o
817 4772 907 4864 perte
925 4788 1065 4847 carinae.
1125 4782 1128 4787 ’
