3022 5234
264 261 320 326 De
341 260 629 322 instrumentis
660 257 796 319 saeris
823 266 864 319 et
888 256 1218 337 pontiiioaiibus.
1304 255 1364 322 173

209 443 367 518 Quattuor
389 444 443 503 iu'o
461 446 599 521 primum
620 444 661 500 ui
664 442 808 516 yruuti
813 459 831 499 e
852 446 943 516 terqu
962 443 1112 501 ruomooe

206 553 380 614 Constituit
398 591 592 610 .......
612 548 707 609 249.·
747 548 823 624 Iure
842 551 928 606 utri
946 547 1112 606 ooiierie
1132 567 1250 625 aquom

209 659 338 721 Aeneas
359 661 456 719 moiri
476 658 689 718 Eumenidum
708 673 904 733 unaquaeque
925 660 1030 715 sorori

209 768 302 828 Eure
318 771 408 847 ferit.

126 870 251 955 Georg.
273 874 335 955 IV,
356 875 435 936 545:

210 986 353 1062 Inferias
375 984 498 1061 Orphei
516 984 659 1045 Lethaea
676 1003 838 1062 papauera
858 987 972 1056 mitior,

208 1094 256 1153 Ei
275 1096 319 1152 ui
321 1111 435 1169 yrum
455 1093 608 1151 mortuiis
629 1111 724 1151 ovem.

210 1201 260 1261 De
280 1199 458 1261 numeris
480 1198 619 1260 sooria
639 1206 750 1278 postea
772 1204 802 1272 ς.
822 1199 873 1261 70.
896 1199 1140 1282 disputabimus

706 1399 741 1490 s.
763 1406 813 1467 u.

284 1563 344 1616 lie
361 1561 653 1616 instrumentis
670 1563 801 1619 neria
820 1567 861 1618 et
879 1566 1205 1636 pauimentum.

171 1753 223 1819 Ad
246 1753 427 1817 caedendas
449 1755 597 1818 victimas
619 1774 699 1837 opus
721 1767 789 1821 erat
810 1761 955 1824 securi.
977 1763 1019 1845 11,
1040 1761 1119 1825 223:
1169 1790 1174 1795 ·

214 1862 328 1938 Ouuiir
349 1869 497 1939 muqiiue,
518 1866 607 1944 funii
625 1885 694 1926 oum
715 1873 848 1930 euuoiue
864 1888 954 1928 urum

220 1974 345 2034 Tourue
365 1978 397 2032 ei
416 1977 571 2033 incertam
590 1977 738 2034 recussit
757 1979 879 2037 oeroioe
899 1981 1044 2038 securim.

131 2082 241 2146 Seme!
264 2089 385 2171 tontum
408 2084 699 2170 V1‚250.agnom
724 2094 840 2148 otram:

214 2191 343 2252 Aeneae
364 2177 460 2254 uniri
478 2194 693 2254 Eumenidum
716 2212 911 2274 moqrtueoue
932 2197 1036 2270 sorori

213 2299 325 2359 Euae
341 2302 430 2380 ferit.

133 2405 236 2485 Quod'
257 2428 276 2468 e
298 2407 511 2470 Romanorum
542 2394 645 2491 magis
677 2407 737 2468 ritu
763 2406 890 2469 ductum
912 2425 986 2470 esse
1012 2426 1095 2487 reor,
1118 2425 1210 2488 quom
1236 2427 1276 2470 nx
1298 2407 1372 2469 irni-

132 2517 253 2574 tatione
275 2514 463 2593 riomense,
493 2534 589 2597 quum
611 2514 737 2576 Ulisses
760 2514 880 2575 fossam
902 2512 1029 2595 quidem
1052 2512 1111 2578 ud.
1133 2515 1195 2591 XI,
1222 2515 1272 2579 25.
1296 2534 1374 2576 ense

133 2625 241 2704 iaciat,
262 2623 311 2684 48.
334 2622 591 2701 animasquoque
606 2619 717 2682 eodern
730 2629 1117 2703 avertet,-quamquam
1138 2619 1229 2682 aliter
1250 2621 1374 2683 videtur

133 2730 268 2793 invase
301 2729 383 2809 picto
412 2727 442 2788 in
467 2727 609 2789 Buiietin.
632 2727 885 2808 Napolit..'l’om.
918 2727 942 2788 1.
965 2726 1092 2790 'rann
1114 2744 1374 2807 -nequaquam

134 2857 213 2898 vero
235 2838 371 2900 hostiam
393 2853 431 2898 oo
454 2837 619 2918 percutiat.
651 2836 775 2898 Deinde
807 2836 953 2899 enitris
976 2827 1056 2917 opus
1088 2845 1169 2915 erat,
1191 2856 1321 2917 quorum
1346 2839 1376 2898 in

134 2946 293 3009 saoriiioio
313 2963 392 3006 usus
414 2941 536 3026 Georg.
559 2946 616 3021 ill,
636 2945 708 3010 482.
747 2945 828 3006 Aen.
851 2944 911 3027 Vl,
932 2945 1002 3007 248.
1026 2945 1227 3025 conspicitur.
1262 2944 1313 3006 Ad
1336 2945 1377 3005 ii-

135 3052 272 3115 bandum
295 3061 462 3134 paterae
483 3051 723 3129 adhibebantur,
735 3070 818 3133 qnae
831 3071 948 3115 aureae
966 3052 1125 3115 interdurn
1146 3053 1376 3117 deseribuntur.

138 3161 259 3245 Georg.
280 3163 320 3237 ΙΙ,
344 3159 419 3222 ¹92:

219 3272 284 3332 Hir
304 3270 419 3346 iaiioia,
442 3270 568 3349 qualem
585 3273 708 3347 poteris
728 3270 863 3331 libamus
883 3279 915 3332 ei
936 3291 1025 3332 ouro.

138 3377 220 3440 Aen.
241 3378 265 3448 1,
289 3374 367 3439 728:

222 3483 284 3544 Hio
304 3488 417 3560 reqiuu
435 3503 565 3560 yrooem
582 3488 715 3560 yemmia
736 3504 877 3565 auroque
897 3491 1044 3565 poposcit

221 3592 418 3670 Inpleritque
439 3610 524 3650 mero
540 3598 695 3668 potorum.

139 3701 218 3781 vir,
241 3702 314 3762 245.

224 3808 276 3871 Ad
299 3808 478 3872 offerendas
508 3810 561 3871 vel
584 3810 696 3892 fruges
726 3811 779 3872 vei
813 3809 944 3873 viscera
974 3810 1119 3873 laneas
1154 3810 1381 3874 inserviebant.

140 3919 234 4000 v111,
256 3919 332 3982 2842

222 4025 318 4087 Dona
334 4029 449 4105 ferunt
468 4027 691 4106 orrmuiuuique
711 4032 851 4089 oneratis
871 4004 1016 4091 iouoiius
1036 4050 1123 4091 oras.

143 4132 195 4196 Ci.
217 4133 382 4211 x11,215.
427 4132 548 4216 Georg.
571 4136 611 4215 li,
633 4134 712 4198 394:

510 4246 702 4326 Latinosque
720 4253 752 4306 et
773 4247 836 4307 libo
852 4247 1005 4325 feremus.

144 4345 493 4435 fflmssfflp

223 4459 388 4521 Leonibus
408 4468 439 4521 oi
453 4464 572 4539 pondu
590 4464 752 4542 fumauiiu
772 4463 933 4526 reddimus
952 4468 1038 4521 reto.

143 4562 289 4627 Cultrum
303 4573 334 4627 et
344 4575 487 4647 pateram
495 4567 576 4628 inter
590 4568 650 4630 etia
659 4567 768 4628 efficta
787 4567 922 4629 videsin
944 4586 1000 4631 ara
1020 4569 1111 4629 Deae
1126 4564 1290 4628 Viotoriae
1312 4585 1385 4629 mae

141 4670 221 4747 iore,
244 4691 328 4753 quae
349 4673 432 4736 falso
448 4673 598 4737 Ubiorum
620 4676 810 4759 appellatur,
832 4677 1012 4738 Bonnensis
1021 4677 1128 4739 Musei
1138 4675 1292 4739 Rhenani.
1314 4678 1384 4739 Au·

140 4796 254 4862 gutum
281 4779 408 4866 insigne
423 4793 490 4845 erat
506 4785 652 4868 lituus,
677 4802 771 4865 quem
782 4783 861 4845 Pioo
886 4792 919 4844 et
936 4782 1067 4862 Quirino
1082 4782 1192 4845 tribuit
1212 4784 1288 4867 vii,
1309 4784 1386 4847 18⁷:
