3022 5234
642 235 698 295 De
719 245 870 298 serratu.

210 418 365 480 Gorrtirrue
386 424 487 478 roratis
508 420 612 478 aeltric
624 421 778 487 ,ucoa'netu
795 415 926 496 staffello

214 527 382 609 diciplinae
402 531 506 606 quatit
524 525 698 606 inmittens,
720 531 886 606 torvosque
906 529 1039 588 sinistre

208 637 379 696 Intentuaa
400 638 517 711 anquis
537 642 630 695 coeat
650 639 778 712 upmiua
799 655 895 697 auena
915 656 1068 698 aurorum.

128 744 282 807 Ceterum
302 743 491 828 notandum,
508 745 755 827 flagellationem
767 763 862 825 quum
883 764 1004 806 morem
1023 743 1203 811 Romanurn
1216 749 1369 828 redolere,

127 861 193 914 tum
217 853 368 914 servilem
390 854 492 915 fuisse
513 873 658 934 poenam.
702 850 752 914 cf.
774 852 859 912 Mac.
883 851 1139 939 uig.rlvrrr,1u
1160 854 1216 929 (de
1230 859 1368 937 poeuis).

127 964 154 1033 §.
178 962 235 1022 10:
259 963 316 1036 „ln
337 978 506 1031 servorum
526 978 663 1042 persona
684 958 729 1023 ita
742 960 942 1041 observatur,
965 966 1157 1044 utexemplu
1173 965 1369 1028 humiliorum

127 1068 302 1148 puniantur.
323 1071 367 1132 Et
387 1088 430 1131 ex
451 1068 564 1151 quibus
581 1071 687 1130 euersis
704 1068 782 1130 liber
804 1068 941 1131 fustibus
957 1069 1109 1152 caeditur,
1133 1091 1174 1133 ex
1189 1072 1240 1135 his
1252 1092 1370 1136 servus

128 1175 265 1260 flagellis
287 1178 379 1241 caedi
400 1188 433 1241 et
453 1178 579 1240 domiuo
592 1177 690 1253 ,reddi
710 1164 844 1251 iubetur,
870 1184 903 1238 et
926 1197 967 1239 ex
988 1178 1102 1260 quibus
1129 1180 1210 1242 liber
1231 1183 1369 1246 fustibus
1467 1184 1470 1192 '

129 1303 245 1348 caesus
267 1290 300 1348 iu
321 1303 401 1368 opus
422 1287 582 1368 publicum
604 1284 783 1368 damnatur,
805 1305 848 1348 ex
867 1284 917 1346 his
937 1303 1052 1349 servus
1074 1288 1134 1350 sub
1165 1308 1268 1369 poena
1294 1291 1370 1352 vin-

130 1394 272 1456 culorum
293 1393 427 1456 adeius
448 1394 600 1476 temporis
621 1394 772 1475 spatium,
795 1392 934 1477 flagellis
956 1412 1090 1475 caesus,
1121 1381 1246 1459 domino
1283 1396 1371 1459 reddi

132 1501 311 1567 tabernas„

695 1704 727 1794 q.
754 1711 799 1771 m.

626 1866 685 1920 ne
704 1867 865 1919 senatu.

101 2032 113 2067 '
213 2036 297 2094 luter
319 2052 446 2112 omnes,
477 2034 592 2116 quibus
619 2033 833 2096 Romanorum
862 2051 917 2095 res
946 2032 1072 2113 publica
1102 2034 1256 2119 insignita
1289 2046 1367 2112 erat,

132 2142 339 2224 magistratus
360 2142 570 2224 principatum
592 2161 719 2222 semper
741 2142 872 2203 obtinuit
898 2152 1040 2207 senatus.
1073 2220 1076 2224 Ι
1095 2142 1196 2206 Cuius
1226 2146 1371 2206 consulta

130 2270 185 2330 per
208 2269 300 2311 omne
321 2249 440 2312 liberae
458 2249 597 2312 civitatis
611 2257 737 2330 tempus
758 2259 879 2312 tantam
892 2250 1014 2330 spirant
1034 2250 1233 2335 dignitatern,
1256 2256 1369 2334 utqui,

131 2357 215 2439 quod
235 2359 372 2422 maxime
393 2357 563 2439 optandum
586 2367 646 2438 est,
672 2377 711 2421 ea
734 2359 806 2421 olim
828 2359 970 2440 colliget,
1002 2359 1136 2438 plurima
1158 2358 1291 2420 decreta
1311 2377 1370 2421 sa-

130 2465 329 2545 pientissima
351 2484 406 2529 ure
426 2471 622 2549 gravissimo
645 2466 751 2528 edicta
775 2471 975 2528 maiestatem
1003 2467 1271 2547 superciliumque
1300 2467 1370 2528 Ro-

131 2578 217 2636 mani
236 2592 353 2637 sensus
374 2576 538 2655 probantia
559 2587 722 2656 proponet.
744 2574 827 2654 Quid
849 2595 927 2657 ergo
948 2578 1072 2658 mirum,
1096 2574 1179 2655 quud
1199 2582 1295 2654 poeta
1309 2593 1371 2634 non

131 2683 249 2763 potuit,
287 2683 358 2763 quin
388 2702 460 2745 euru
491 2682 685 2765 temporibus
708 2682 854 2744 'l'roiauis
877 2682 1025 2743 tribueret
1034 2676 1053 2742 ‘i
1096 2680 1252 2759 Quamvis
1288 2683 1370 2742 euim

131 2777 290 2875 γερόντων
310 2795 374 2853 iam
396 2791 479 2873 apud
490 2793 663 2855 Homerum
685 2810 843 2855 consessu
865 2793 981 2872 aliquis
1002 2791 1175 2854 defendere
1185 2791 1259 2851 velit
1272 2807 1372 2850 senu-

131 2907 196 2959 tum
210 2897 441 2980 Vergilianum,
463 2908 602 2963 attamen
623 2902 663 2963 ab
687 2920 725 2964 eo
739 2901 909 2983 discrepat,
932 2901 1073 2982 quodibi
1094 2919 1209 2963 revera
1229 2899 1372 2961 seniores

130 3009 224 3089 quasi
246 3027 288 3069 ex
309 3018 440 3091 paterna
461 3006 514 3068 vel
537 3009 749 3090 patriarchali,
771 3029 864 3091 quam
879 3021 1008 3088 vocant,
1026 3013 1216 3074 auctoritate
1228 3007 1268 3069 ad
1291 3025 1372 3068 con·

130 3114 301 3178 sulendum
323 3133 450 3196 semper
471 3116 536 3179 sint
563 3117 683 3198 parati,
721 3136 825 3199 neque
855 3119 961 3200 populi
990 3119 1154 3181 voluntate
1201 3114 1370 3196 eligantur.

129 3224 225 3306 Apud
244 3225 422 3308 Vergilium
444 3234 550 3288 autem
571 3224 854 3311 Carthaginienses
874 3229 902 3310 1,
926 3227 1002 3288 426:
1040 3203 1045 3219 ’

214 3350 294 3413 latria
314 3355 585 3430 magistratusque
604 3353 747 3429 loquat
766 3360 975 3432 sanctumque
992 3358 1141 3412 ceneta
1149 3370 1189 3408 m.

131 3475 195 3540 qua
215 3458 367 3522 electione
388 3457 632 3522 democraticum
645 3458 802 3539 quandam
820 3457 956 3519 indolem
978 3467 1073 3538 poeta
1089 3456 1277 3538 Carthagini
1290 3473 1371 3517 con-

132 3567 230 3631 eedit.
251 3568 381 3630 Aeneas
401 3586 529 3649 quoque
550 3569 608 3647 ΙΙΙ,
631 3567 691 3630 58:

214 3675 410 3743 Delector
429 3676 542 3753 populi
562 3678 608 3737 ad
623 3695 774 3748 proceres
792 3678 993 3752 primumque
1012 3679 1178 3751 parentem

214 3780 366 3843 Monstro
387 3783 478 3844 deum
500 3785 615 3864 resero,
638 3788 677 3856 et,
702 3786 847 3862 quaesit
867 3785 1036 3860 reseratio,
1055 3800 1162 3857 posco.

133 3911 219 3996 quod
240 3931 282 3974 ex
302 3931 342 3975 ea
360 3912 483 3975 ratione
505 3912 650 3988 instituit,
673 3931 735 3994 qua
755 3911 901 3994 prodigia
915 3909 1039 3972 Romae
1061 3909 1103 3972 ad
1123 3917 1268 3971 senatum
1285 3910 1374 3970 sern-

133 4040 190 4103 per
212 4020 440 4102 referebantur,
462 4019 552 4083 cuius
572 4017 769 4081 innumeram
791 4019 875 4100 apud
894 4018 1021 4080 Livium
1035 4021 1154 4098 poteris
1176 4016 1293 4078 habere
1315 4034 1374 4078 co-

134 4128 219 4211 piam
248 4146 280 4188 ν.
306 4145 338 4209 g.
365 4128 479 4207 XXII,
504 4127 538 4188 1:
559 4126 650 4206 ‚,His,
672 4126 755 4188 sicut
777 4132 868 4187 erant
887 4125 1046 4207 nuntiata,
1069 4125 1239 4206 expositis,
1261 4132 1375 4185 aucto-

135 4236 289 4317 ribusque
311 4235 341 4295 iu
363 4236 485 4297 curiam
501 4233 702 4313 introductis,
715 4232 827 4294 consul
847 4231 887 4294 de
898 4234 1051 4314 religione
1065 4240 1174 4314 patres
1187 4232 1375 4295 consuluit.“

134 4342 242 4426 XLV,
268 4341 321 4406 16:
364 4342 434 4419 „lle
455 4341 608 4423 prodigiis
639 4339 751 4402 deiude
772 4340 922 4404 nuntiatis
943 4326 1075 4420 senatus
1096 4349 1147 4403 est
1178 4339 1374 4403 consultus.“

136 4450 289 4515 Ceterum
300 4450 409 4513 versui
424 4451 475 4515 58.
498 4449 707 4534 grammatica
729 4448 899 4511 difficultas
909 4449 1002 4515 inest.
1024 4448 1146 4529 Quaeri
1167 4449 1248 4510 enirn
1260 4455 1376 4532 potest,

136 4567 240 4622 utrrnn
255 4563 393 4638 primum
414 4556 457 4618 sit
480 4554 664 4619 adverbium
687 4558 800 4638 (primo
823 4559 910 4631 loco]
931 4575 971 4619 au
985 4556 1188 4632 adiectivum,
1210 4553 1378 4634 itautpri-

136 4684 208 4728 mus
237 4682 406 4746 procerum
436 4663 630 4727 delectorum
657 4665 710 4728 vel
738 4675 869 4729 senatus
891 4665 911 4729 i.
933 4685 961 4726 e.
990 4664 1135 4746 princeps
1165 4660 1377 4743 significetur.

138 4776 265 4857 Quodsi
288 4779 331 4859 ll,
352 4776 425 4841 260.
447 4795 684 4858 comparamus:
