3022 5234
138 263 180 326 82
295 261 352 320 De
373 260 473 340 ensi,
496 278 692 339 mucrone,
715 259 866 342 gladio,
889 260 1032 325 dolone
1054 283 1241 346 veruque.

219 446 403 519 Proyem'ee,
427 449 545 518 septem
567 460 707 515 mamere,
727 450 919 522 septenoque
938 446 1002 506 tela

219 551 396 613 Ooniciunt.

45 659 48 664 ’
138 653 248 736 Quid?
290 658 517 738 Unusquisque
538 668 663 737 septem
687 660 795 721 iaculis
818 660 935 726 utitur?
959 663 1026 724 lles
1048 683 1089 725 ex
1112 666 1253 726 instituto
1269 667 1382 747 populi

135 767 269 831 Romani
292 787 375 828 anno
399 768 437 827 V.
455 766 492 828 C.
511 769 629 831 uxut.
653 770 777 847 prodire
798 774 908 852 possit,
932 773 973 833 de
995 793 1056 854 quo
1070 774 1184 835 Livius
1204 773 1332 848 xxv1,
1353 775 1382 834 4.

135 890 261 936 narrat:
280 874 510 935 aExomnibus
534 875 709 955 legionibus
733 878 827 937 electi
849 887 923 938 sunt
947 884 1094 963 iuvenes,
1117 883 1254 944 maxime
1271 887 1384 963 vigore

135 1003 173 1047 ac
190 985 321 1045 levitate
334 1001 501 1063 corporum
518 985 664 1045 veloces:
692 986 738 1044 eis
751 1005 880 1064 parmae
897 987 1071 1066 breviores,
1095 1008 1188 1070 quam
1205 1001 1383 1071 equestres,

134 1102 166 1155 et
188 1102 358 1174 septena
393 1095 497 1153 iacula
520 1104 691 1174 quaternos
715 1097 810 1176 longa
839 1095 939 1174 pedes
980 1095 1075 1174 data,
1108 1098 1250 1176 praelixa
1284 1098 1378 1176 ferro,

134 1204 228 1284 quale
248 1202 350 1262 hastis
370 1203 557 1265 velitaribus
579 1206 690 1264 inest.“
713 1203 857 1264 Eandem
873 1222 937 1265 rem
952 1214 1057 1265 narrat
1070 1205 1211 1266 Frontin.
1234 1207 1377 1291 Strateg.

134 1310 194 1384 IV,
216 1310 244 1383 7,
269 1311 319 1370 29.
342 1311 461 1370 Verum
485 1319 615 1387 septeno
637 1316 731 1372 etiam
754 1311 794 1374 de
818 1313 894 1372 viris
916 1321 1039 1392 septem
1061 1332 1156 1373 uuum
1179 1315 1276 1375 telum
1301 1336 1380 1378 con-

134 1420 313 1482 iicieutibus
325 1421 395 1507 ¹dici
418 1432 560 1503 possunt.

221 1530 283 1591 Hic
307 1529 441 1610 denique
462 1530 545 1591 addo
570 1532 630 1611 tx,
654 1531 736 1601 osi„
760 1531 812 1591 ubi
834 1530 874 1590 de
896 1533 1009 1591 muris:

220 1645 394 1703 intendunt
412 1648 498 1702 acris
521 1664 615 1704 orcus
639 1651 895 1721 commentaque
915 1649 1069 1720 torquent.

136 1748 288 1811 Servius:
311 1766 386 1828 „pro
409 1748 472 1809 tela
494 1750 629 1809 amentis
651 1756 816 1827 torquent;
840 1766 911 1808 nam
934 1755 1095 1807 amentum
1119 1755 1169 1806 est
1192 1746 1300 1826 lorum,
1315 1766 1377 1829 quo

135 1845 239 1918 media
260 1855 353 1917 hasta
374 1856 526 1936 religatur
554 1863 586 1914 et
608 1856 750 1914 iacitur.“

703 2043 737 2130 §-
758 2046 809 2109 oc.

273 2178 331 2232 lle
351 2177 453 2247 ensi,
473 2190 681 2243 mirer-one,
698 2177 849 2243 stadio,
869 2178 1019 2231 dolone
1036 2190 1232 2258 verguque.

214 2331 333 2391 Ensem
356 2329 533 2391 Romanum
556 2327 703 2389 describit
715 2326 867 2406 Polybius
884 2326 916 2384 V
917 2326 942 2401 l,
954 2322 1010 2386 23:
1029 2311 1118 2403 ’Ἅμα
1136 2320 1172 2386 δὲ
1193 2322 1242 2407 τῷ
1262 2325 1376 2409 θυρεῷ

131 2422 284 2521 μάχαιρα·
307 2424 426 2521 ταύτην
447 2431 484 2498 δὲ
505 2432 584 2521 περὶ
603 2426 659 2498 τὸν
681 2425 788 2514 δεξιον
809 2431 904 2520 φέρει
925 2421 1041 2519 μηρόν,
1063 2429 1196 2497 καλοῦσι
1224 2431 1254 2495 d’
1276 2423 1376 2518 αὐτήν

131 2532 294 2630 Ἰβηρικὴν.
318 2537 386 2623 ἔχει
408 2534 437 2606 d'
459 2535 541 2629 αὕτη
563 2538 703 2629 adaequa
715 2531 884 2628 διάφορον,
908 2537 961 2603 καὶ
983 2531 1171 2627 καταφορᾶν
1193 2535 1230 2618 ἐξ
1250 2529 1375 2627 οἷμφοῖν

131 2653 201 2714 τοῖν
221 2653 335 2736 μεροῖν
356 2645 472 2732 βίαιον,
494 2643 549 2714 aad
570 2642 608 2714 cd
623 2642 679 2714 cdv
695 2643 864 2732 ὀβελίσκον
885 2643 985 2736 αὐτῆς
1006 2639 1136 2735 ἰσχυρὸν
1159 2645 1213 2710 καὶ
1240 2637 1375 2730 μόνιμον

133 2749 225 2822 εἶναι.
252 2763 363 2823 Livius
384 2762 460 2842 vu,
491 2762 539 2821 itt.
563 2761 602 2821 de
625 2762 662 2821 'lt
675 2760 812 2822 Manlio:
845 2758 1020 2834 „Pedestre
1042 2768 1168 2819 scutum
1192 2759 1289 2840 capit,
1307 2759 1339 2819 H
1347 2757 1376 2817 i·

132 2889 256 2950 spano
281 2870 416 2948 cingit-ur
439 2867 592 2947 gladio,
618 2867 843 2947 adpropiorem
867 2867 959 2929 habili
981 2869 1151 2947 pugnam.“
1185 2866 1296 2940 xxii,
1316 2865 1375 2928 462

84 3027 87 3032 .
133 2975 496 3056 „Gallis'Hispauisque
513 2983 605 3037 scuta
630 2974 772 3036 eiusdem
797 2975 917 3035 formae
939 2977 1008 3035 fere
1030 2985 1134 3045 eraut,
1172 2972 1317 3054 dispares
1341 2984 1372 3035 et

131 3082 299 3146 dissimiles
326 3081 431 3168 gladii.
478 3081 580 3145 Gallis
611 3085 775 3164 praelongi
804 3101 844 3144 ac
877 3084 947 3144 sine
969 3082 1190 3162 mucronibus,
1229 3081 1373 3162 Hispano

130 3193 270 3273 punctim
291 3191 406 3273 magis,
431 3210 524 3271 quam
547 3194 680 3266 caesim,
700 3200 833 3254 assueto
856 3201 966 3272 petere
990 3192 1125 3265 bostem,
1158 3189 1372 3251 brevitate

130 3298 292 3362 habiles
317 3306 460 3360 etcum
484 3300 775 3360 mucronibus“
820 3300 893 3360 Non
929 3300 1012 3361 hunc
1042 3297 1167 3378 quidem
1191 3299 1370 3377 Hispanum

131 3408 212 3489 apud
235 3409 398 3468 Maronem
421 3405 610 3467 offendimus
632 3405 857 3487 gladinrn,sed
879 3409 1005 3487 poetica
1027 3406 1148 3468 ratione
1170 3414 1372 3485 exornatum,

131 3540 224 3604 quem
246 3516 338 3580 modo
362 3534 482 3593 ensem,
496 3514 589 3576 modo
611 3534 803 3596 mucronem,
826 3517 919 3576 modo
940 3515 1077 3596 gladium
1095 3514 1178 3574 nullo
1194 3511 1372 3576 discrimine

129 3626 347 3691 intercedente
367 3625 513 3684 nominat.
536 3624 584 3684 Ita
607 3624 694 3683 lulus
717 3623 857 3702 Euryalo
879 3620 1000 3683 donans
1024 3622 1085 3699 tx,
1107 3618 1190 3682 30³:

626 3733 742 3794 Umero
763 3731 861 3790 simol
879 3733 973 3789 exuit
991 3748 1140 3804 ensem,

213 3841 385 3922 Auratum,
409 3844 490 3900 mira
512 3860 602 3919 quem
621 3842 745 3918 fecerat
766 3845 834 3897 crte
857 3837 989 3913 Lycaon

212 3947 355 4010 Gnosius
376 3950 478 4026 adque
496 3947 630 4006 habilem
653 3951 768 4021 oayinn
790 3951 920 4021 aptarat
940 3947 1060 4004 ebrrrna

131 4059 205 4120 Non
235 4059 311 4118 sine¹
332 4052 606 4129 causaflnosium
628 4052 729 4113 reddit
752 4051 913 4117 artificem,
940 4053 1053 4133 quippe
1078 4072 1173 4131 quum
1197 4056 1372 4118 Cretenses

131 4171 161 4231 in
183 4168 277 4230 armis
297 4166 488 4228 fabricandis
511 4164 678 4225 videantur
699 4163 799 4223 fuisse
822 4161 1036 4222 laudatissimi.
1081 4162 1132 4223 Cf.
1151 4164 1195 4245 V,
1216 4165 1295 4229 306:

214 4283 368 4345 Gnosio
389 4283 461 4340 birro
481 4279 560 4338 dabo
582 4277 682 4336 lecolo
703 4277 808 4335 lucido
827 4277 914 4351 ferro
952 4264 955 4269 ’

211 4390 353 4470 Spicula.
461 4410 463 4414 ’

129 4500 232 4561 Maior
260 4508 366 4560 tamen
396 4497 496 4578 gloria
525 4494 623 4575 Argis
656 4502 732 4552 erat.
767 4482 872 4552 Ὅπλα
893 4487 923 4549 d'
943 4481 1162 4575 cirr'ssiqyeog.
1207 4492 1251 4553 At
1272 4499 1307 4552 tu
1330 4509 1370 4552 ne

129 4610 175 4688 ΙΙ,
202 4605 274 4669 393.
316 4605 467 4682 Ανμὶοονη
491 4601 686 4663 eneembuc
712 4602 849 4673 reseras,
881 4610 1005 4665 caveto.
1048 4602 1171 4663 Etenim
1203 4598 1370 4662 Coroebus

128 4717 168 4778 ibi
189 4733 304 4778 revera
334 4710 496 4792 Androgei
527 4705 644 4772 Graeci
672 4725 758 4769 arma
798 4705 907 4768 induit.
951 4707 1065 4787 Neque
1095 4716 1235 4786 constat,
1274 4711 1369 4768 talem

128 4821 223 4912 gladii
243 4822 470 4911 praestantiam
491 4837 604 4880 revera
625 4818 760 4899 spectari
783 4817 875 4899 vul,
897 4817 967 4881 459.
996 4814 1042 4875 lbi
1055 4814 1206 4876 Evander
1222 4816 1369 4879 Areas:
