3022 5234
194 236 259 301 aba
326 320 329 327 Ι
649 231 708 293 lie
739 229 997 292 ornamentis.

279 417 370 478 Pauo
393 421 454 476 cet.
484 415 534 475 De
554 411 617 474 hoo
639 412 701 474 iam
723 430 822 492 supra
832 417 860 486 s.
871 410 921 472 33.
940 410 1184 493 disputavimus.
1219 407 1447 473 Memorandns

188 529 249 607 ‚est
273 530 440 602 praeterea
462 520 621 582 Chloreus
643 520 696 581 ille
719 520 852 580 multum
874 525 1004 579 notatus
1025 519 1086 600 xi,
1107 517 1187 579 777:

278 631 393 691 Pictas
414 648 477 688 oca
499 632 628 687 tunicas
647 635 679 685 et
699 627 836 687 barbaro
857 630 996 702 teqmt'na
1017 645 1158 686 cruram.

198 738 299 799 Porro
321 736 475 798 Evander
497 736 590 814 viii,
614 735 695 796 4582
876 812 878 819 Α

279 845 327 905 at
350 845 517 923 Tyrrhena
533 848 649 924 pedum
671 845 849 903 circumdat
869 844 998 904 vincula
1016 845 1150 920 plantis.

200 952 354 1014 Seruius:
372 952 511 1030 „Tusca
533 949 759 1011 calceamenta.
805 947 847 1007 m
869 947 944 1010 dicit
967 950 1133 1029 crepidas,
1162 966 1243 1030 quas
1264 947 1365 1029 primo
1387 948 1448 1008 ha-

198 1057 495 1133 buere-senatores,
517 1065 590 1137 post
614 1058 736 1137 equites
752 1059 899 1140 Romani,
921 1076 1004 1120 nunc
1027 1060 1170 1121 milites.“
1201 1058 1316 1121 Venus
1330 1060 1359 1136 l,
1380 1057 1449 1121 337.

199 1165 244 1229 ait
266 1186 385 1228 morem
406 1184 481 1226 esse
505 1166 680 1247 virginibus
705 1167 833 1247 'l'yriisz

284 1277 515 1355 Purpureoque
537 1278 600 1336 alte
622 1297 719 1336 saras
740 1280 860 1336 vincire
879 1275 1043 1335 cotbarao.

201 1385 356 1449 Servius:
388 1384 654 1464 „Cothnrnisunt
674 1388 892 1446 calceamenta
913 1385 1090 1457 venatoria,
1115 1400 1207 1443 crura
1229 1400 1357 1464 quoque
1379 1385 1447 1446 vin-

202 1494 328 1576 cientia,
353 1512 482 1572 quorum
505 1496 612 1575 quivis
635 1496 757 1575 utrique
780 1502 873 1575 aptus
896 1501 946 1554 est
968 1490 1070 1573 pedit
1105 1489 1156 1552 cf.
1171 1491 1375 1574 Eclog.Vll‚
1395 1491 1449 1554 32:

284 1603 423 1661 Puniceo
443 1604 544 1661 stabis
567 1622 664 1662 saras
685 1606 810 1662 ear'acta
832 1602 995 1661 cothurno.

203 1709 296 1771 Adde
318 1710 490 1770 calceos
516 1708 740 1788 Sicyonios
762 1727 781 1768 a
805 1705 960 1768 Cicerone
983 1705 1023 1765 de
1047 1713 1124 1766 orat.
1147 1705 1179 1784 1,
1200 1703 1260 1780 54,
1281 1706 1354 1770 eat.
1376 1729 1447 1770 mu·

202 1818 318 1880 liebres
341 1825 605 1878 commemoratos
629 1823 661 1876 et
683 1834 702 1875 a
726 1816 869 1896 Vergilio
895 1813 959 1876 Cir.
984 1815 1058 1876 166:
1495 1794 1497 1798 ’

285 1926 410 1988 latetis
431 1927 518 1998 oiryo
539 1929 603 1981 tcta
624 1923 800 1982 bacchatur
822 1925 856 1980 in
872 1923 950 1982 urbe

286 2037 361 2098 Non
382 2038 509 2107 styrace
528 2032 624 2091 Idaeo
642 2035 814 2108 stayraotr's
837 2035 936 2089 tincta
959 2031 1103 2109 capillos,

288 2142 424 2218 Cognita
446 2156 510 2196 aon
531 2141 649 2198 terreris
667 2139 800 2215 pedibus
821 2136 974 2216 Sicyonia
994 2156 1138 2202 serenas.

781 2327 814 2415 §-
836 2334 888 2395 eo.

647 2468 706 2520 lie
726 2465 995 2520 ornamentis.

310 2635 583 2714 Quemadmodum
606 2637 638 2695 iu
668 2638 801 2715 picturis
833 2633 1036 2713 Pompeianis
1065 2633 1177 2694 Venus
1201 2635 1349 2714 aliaeque
1372 2636 1448 2697 deae

208 2744 247 2806 ad
262 2745 474 2806 Romanarum
497 2743 680 2805 feminarum
705 2763 791 2804 more
813 2751 943 2802 ornatae
966 2741 1220 2822 conspiciuntur,
1255 2743 1299 2803 ita
1327 2742 1450 2825 Didoni,

208 2853 381 2929 Lauiniae,
414 2852 483 2910 aliis
512 2858 608 2930 poeta
637 2849 756 2910 addidit
780 2849 935 2928 virginum
958 2856 1233 2930 matronarumque
1260 2850 1449 2913 Latinarum

210 2957 370 3019 muudum.
414 2957 528 3018 Didoni
549 2957 608 3038 IV,
634 2956 707 3017 139:

296 3064 430 3125 Aurea
448 3083 643 3141 prrrpuream
663 3067 822 3124 srrbnectr‘t
838 3064 976 3144 sibula
996 3071 1122 3124 vestem.

213 3174 341 3234 Aeneas
364 3172 513 3253 promittit
534 3176 707 3252 praemium
723 3172 879 3232 victoriae
896 3173 1105 3234 Amazoniam
1118 3173 1312 3254 pharetram,
1323 3177 1367 3249 V,
1378 3177 1452 3239 312:

500 3279 582 3339 Lata
606 3299 699 3358 qaam
723 3282 991 3358 circumplectitur
1012 3301 1091 3341 atrro

268 3463 273 3475 .
295 3387 437 3462 Balteus,
464 3393 496 3446 et
514 3392 606 3448 tereti
630 3391 789 3448 subnectit
805 3389 942 3469 fibula
960 3409 1092 3466 aemma.

214 3495 376 3576 Tyrrhena
398 3494 542 3554 vulnerat
562 3514 678 3556 novem
701 3497 851 3557 iuvenum
873 3497 947 3577 Xll,
980 3496 1057 3562 273:

300 3603 420 3661 Horum
440 3619 538 3660 anam
558 3602 601 3659 cd
619 3603 765 3673 taedium,
789 3607 902 3663 teritrrr
924 3623 986 3685 qua
1006 3604 1113 3664 sutilis
1136 3604 1205 3665 aloa

296 3711 431 3773 Balteus
453 3714 486 3769 et
504 3709 637 3769 lateram
658 3713 823 3801 intactaras
840 3714 977 3793 sibula
997 3714 1126 3774 mordet.

214 3817 325 3881 isidor.
345 3817 441 3900 XlX,
463 3813 517 3894 31,
540 3813 595 3875 17:
620 3813 773 3876 ollibulae
794 3830 885 3900 sunt,
921 3819 1033 3898 quibus
1055 3829 1167 3902 pectus
1192 3819 1381 3884 feminarum
1403 3839 1454 3883 or-

215 3935 324 4000 natur,
347 3924 547 4004 veipallium
571 3923 835 3985 tenetnr'aviris
858 3926 1066 3998 inhumatis,
1099 3946 1158 3990 seu
1189 3931 1396 4014 cingulum
1428 3932 1454 3992 iu

215 4033 358 4096 lumbissc
403 4029 598 4092 inserviebat
618 4048 696 4090 vero
719 4029 813 4092 fibula
834 4052 897 4093 non
919 4036 1022 4097 solum
1044 4034 1084 4095 ad
1106 4044 1230 4097 vestem
1252 4036 1453 4120 balteumque

216 4138 482 4221 connectendum,
514 4135 572 4197 sed
608 4137 648 4197 ad
674 4138 790 4200 crinem
819 4159 945 4222 quoque
966 4141 1247 4206 interneciendnm.
1291 4142 1453 4207 Camillam

217 4251 307 4311 turba
327 4254 460 4308 matrum
482 4241 612 4305 miratur
635 4245 707 4324 Vll,
734 4245 810 4309 8152

632 4349 677 4415 Ut
692 4353 828 4431 fibula
849 4357 968 4414 crinem

299 4437 506 4500 Interaectat.

216 4544 289 4625 Qua
309 4542 448 4605 tortasse
468 4559 530 4601 non
552 4557 630 4601 acus
649 4538 864 4605 discriminalia
886 4561 906 4604 a
927 4550 1025 4624 poeta
1046 4554 1096 4607 est
1117 4548 1296 4632 indicatus,
1318 4548 1380 4612 sed
1401 4568 1452 4611 re-

214 4675 294 4722 vera
314 4649 410 4715 fibula
430 4648 670 4711 Atheniensium
692 4668 795 4730 more,
829 4667 911 4729 quae
940 4650 1075 4716 formam
1101 4674 1219 4720 aureae
1260 4656 1397 4720 cicadae
1425 4657 1453 4717 in

216 4767 292 4830 Nisi
313 4774 440 4845 quaque
462 4756 576 4839 capillo
600 4756 732 4818 obtinuit
754 4755 819 4820 Cir.
844 4757 921 4820 teo:
