3022 5234
138 249 197 309 tat
614 250 670 310 De
691 250 882 311 navibus.

138 432 247 496 Altera
269 432 308 495 ad
331 452 433 495 naves
455 434 653 496 fabricandas
675 447 725 498 est
744 434 863 519 Georg.
886 425 925 510 il,
948 437 1005 497 68:

543 545 666 606 Onasus
687 549 796 608 abies
817 553 926 639 visura
967 550 1118 608 anamnes-
1255 550 1260 561 ’

136 642 340 727 Quapropter
361 658 457 729 poeta
477 652 521 731 V,
543 653 595 715 68.
614 659 719 731 pietas
734 658 860 717 abiete
879 663 996 734 pnppr’e
1016 638 1169 737 nominat,
1193 659 1369 720 etAeneae

136 751 228 825 vul,
251 756 305 819 91:
1011 778 1015 785 ·
1082 766 1084 775 ’

219 866 354 926 Labitur
374 877 472 930 taneta
493 871 583 931 nadis
605 875 721 933 adies.

137 974 228 1061 Quod
252 976 389 1038 desere
417 977 594 1039 adhibendo
621 979 782 1056 Vegetius
814 978 948 1059 profert,
977 979 1194 1042 oonfirmatnm
1225 980 1371 1066 Vergilio

135 1083 296 1166 videmus,
325 1086 408 1165 apud
437 1107 529 1168 quem
563 1109 640 1150 nero
661 1089 720 1168 ΧΙ,
750 1090 832 1171 329,
868 1098 977 1152 aerata
1012 1094 1106 1154 navis
1136 1095 1178 1170 X,
1212 1091 1292 1174 iffi,
1320 1113 1374 1184 pes

135 1215 294 1257 remorum
315 1194 342 1270 Ι,
363 1194 413 1258 35.
431 1195 473 1275 Χ,
497 1193 577 1263 214..
602 1216 696 1257 aerea
716 1202 833 1275 puppes
854 1196 896 1270 V,
924 1199 1002 1274 198,
1023 1207 1151 1260 aeratae
1177 1219 1296 1280 prorae
1316 1200 1375 1274 IX,

119 1304 207 1381 mr.
228 1304 272 1382 X,
293 1303 364 1366 223.
386 1303 499 1365 olearia
521 1311 648 1363 aeratae
670 1304 759 1378 Vm,
782 1305 867 1387 675,
889 1312 1067 1369 oeourruut.
1099 1286 1101 1293 Ι

215 1411 245 1472 3.
287 1411 457 1472 Nomina
487 1411 615 1475 navium
642 1410 726 1490 apud
754 1430 814 1472 nos
844 1417 960 1483 usitata
987 1413 1126 1473 Homero
1157 1420 1247 1474 erant
1265 1390 1373 1472 ‘'ineo-

133 1522 242 1601 gnita,
263 1537 368 1600 neque
389 1527 494 1580 tamen
518 1515 653 1581 Graecis
680 1518 902 1598 Romanisque.
950 1519 1106 1598 Quattuor
1134 1519 1317 1580 invenimus
1343 1519 1373 1578 in

134 1629 185 1690 iiio
206 1620 377 1690 certamine
399 1625 504 1687 navali
525 1625 566 1689 ad
589 1627 731 1687 Silioiam
755 1627 899 1689 instituto
922 1627 968 1705 V,
992 1627 1051 1687 116
1073 1626 1158 1698 (ns.
1182 1625 1286 1697 12203

223 1736 368 1796 Velocem
388 1734 582 1794 Mnestheus
603 1739 672 1809 opit
691 1739 761 1796 ucri
778 1737 896 1811 remipe
915 1736 1084 1794 Pristim
1107 1764 1147 1777 -

218 1846 444 1920 Inpentemqne
466 1840 558 1918 Gyae
579 1845 703 1917 inperiti
721 1844 801 1903 mole
822 1843 1076 1905 Chimaeram
1097 1873 1138 1885 -
1159 1876 1200 1890 -·

219 1952 464 2030 Serpestnapue,
485 1952 596 2011 domam
616 1956 740 2010 tenete
763 1971 823 2030 quo
842 1951 957 2028 Serota
979 1970 1104 2034 nomn,

219 2058 427 2119 Centauro
447 2060 609 2119 invehitur
631 2078 757 2137 rnapna,
781 2058 992 2140 Scyllaque
1014 2062 1202 2124 Cloanthus.

136 2169 249 2249 quibus
276 2175 417 2227 monstra
444 2166 497 2227 vei
521 2169 640 2228 marina
663 2165 715 2226 vei
739 2166 883 2232 tabuiosa
905 2187 922 2227 e
944 2168 1045 2229 tribus
1067 2167 1234 2231 duobusve
1256 2187 1371 2252 eorpo-

134 2277 220 2338 ribus
242 2275 381 2338 conflata
407 2285 553 2338 sectatus
585 2288 636 2338 est
662 2287 767 2356 poeta
820 2275 912 2354 Quod
941 2278 1069 2349 Pristim
1099 2279 1231 2361 attinet,
1265 2289 1372 2343 notatu

137 2387 251 2470 dignus
273 2395 325 2450 est
346 2389 425 2451 aiter
445 2388 535 2451 leons
556 2391 602 2468 X,
623 2389 703 2452 209:

216 2515 315 2578 Hune
334 2514 420 2574 vetit
438 2515 577 2573 inmania
601 2513 738 2573 Triton
758 2518 790 2573 et
810 2513 940 2578 eaerum
961 2513 1083 2580 coacta
1139 2492 1143 2501 ι
1231 2578 1235 2594 ,

217 2625 401 2684 Exterrens
418 2624 515 2700 fretu,
538 2625 593 2682 oni
611 2622 747 2685 laterum
768 2631 861 2685 tenus
883 2626 1008 2703 hispido
1030 2631 1123 2687 nanti

218 2730 327 2792 Frons
349 2730 504 2788 hominem
525 2732 669 2808 praefert
688 2735 722 2791 in
739 2737 867 2809 pristim
887 2735 1006 2796 desinit
1023 2737 1121 2796 oleae.

135 2863 198 2924 Hie
228 2862 321 2944 igitur
350 2857 475 2942 duoque
501 2861 562 2922 dno
591 2879 726 2943 corpora
756 2865 848 2927 navis
875 2867 1014 2951 effigiem
1037 2867 1187 2930 eiiieiunt
1227 2868 1371 2950 Denique

139 2971 181 3043 X,
215 2968 290 3032 166:

218 3075 382 3138 Massiena
403 3085 512 3138 aerata
530 3081 682 3154 princeps
702 3086 792 3138 aeaut
811 3098 948 3157 aequora
969 3081 1077 3156 tipri.

135 3215 329 3294 Aeneaeque
352 3213 443 3275 navis
465 3181 689 3293 praetoria⁴X,
724 3215 790 3276 158.
814 3194 920 3275 neseio
944 3235 983 3276 an
1004 3198 1068 3276 Ida
1085 3217 1181 3278 fuerit
1203 3220 1371 3300 appellata
1421 3304 1425 3313 ι

134 3327 248 3406 Qualia
268 3325 392 3386 nomina
419 3321 568 3384 feminina
590 3324 737 3403 quamvis
759 3320 1000 3387 e'Graecorum
1021 3326 1112 3407 eopia
1132 3324 1226 3387 facile
1248 3328 1371 3407 possint

10 3427 17 3441 ⁸
134 3451 209 3492 esse
230 3432 354 3503 hausta,
380 3436 485 3490 tamen
507 3427 591 3506 apud
607 3410 769 3491 Romanos
791 3449 917 3511 quoque
939 3441 1012 3494 sunt
1036 3433 1227 3508 rutnans
1258 3434 1372 3497 CON-

132 3536 312 3612 conum,
325 3533 458 3597 [ABER
480 3535 641 3617 PArnn,
662 3536 1177 3621 nrrrnocnn08,rn1namn
1201 3542 1371 3623 MAR'I'E,

132 3642 383 3708 unvamma
405 3643 526 3722 muita,
551 3649 662 3723 partim
684 3645 834 3724 feminini,
858 3648 991 3706 masenii
1014 3653 1126 3728 partim
1143 3650 1281 3730 generis.
1319 3650 1370 3715 Cf.

132 3754 238 3839 0relij.
253 3751 343 3813 3611.
367 3749 770 3832 Murm.ltccchx11‚3.
794 3750 1021 3833 DCCCbXX,
1038 3754 1067 3815 7.
1088 3754 1373 3841 ucccxxer,

133 3865 164 3925 5.
197 3860 427 3941 nccuxxrr,
448 3862 477 3922 a.

212 3994 240 4054 4.
286 3992 383 4055 Varia
415 4012 506 4074 porro
546 4001 619 4053 sunt
649 3988 831 4072 magnitudo
863 3991 990 4053 navium
1017 4000 1113 4074 atque
1154 3994 1371 4057 instrumenta.

130 4103 326 4164 Memoratur
347 4109 474 4162 eerrtum
496 4117 652 4160 remorum
673 4097 833 4177 navigium
856 4099 899 4174 X,
922 4097 1000 4161 207:
1245 4088 1249 4093 ⁴

214 4214 248 4273 It
264 4216 375 4288 praeta
396 4211 556 4283 Aulestes,
579 4215 810 4286 centenaque
830 4209 976 4267 arbore
992 4211 1128 4286 {laetum

219 4320 251 4379 V
248 4322 372 4380 erderat
392 4320 572 4396 edaarpena
577 4337 590 4394 ,·
611 4322 764 4394 spumant
782 4317 864 4376 varta
885 4335 1039 4376 marmore
1060 4336 1162 4377 aereo.

57 4484 59 4489 ·
128 4454 265 4515 Servius
288 4460 374 4532 putat
397 4440 517 4519 arbore,
532 4469 592 4521 non
612 4448 707 4509 remis
720 4447 928 4510 dietumesse
950 4444 1010 4507 aad
1020 4447 1261 4527 exprimendam
1273 4449 1367 4509 navis

129 4560 390 4644 magnitudinem,
413 4577 494 4640 quae
516 4560 623 4638 plures
647 4555 755 4617 habuit
776 4567 934 4617 remorum
956 4555 1112 4621 ordinesn
1139 4555 1232 4635 Quod
1257 4576 1373 4619 vereor

132 4691 171 4731 ne
193 4681 309 4752 poetae
329 4669 429 4737 verba
449 4688 513 4730 uon
535 4665 676 4748 prodant.
716 4666 829 4727 Plures
851 4672 958 4728 tamen
979 4683 1134 4727 remorum
1156 4665 1282 4729 ordines
1302 4665 1374 4727 aliis

127 4780 206 4841 loeis
229 4778 358 4859 indicat,
381 4775 556 4837 biremes
581 4775 671 4854 Vlii,
693 4772 744 4836 79.
764 4773 907 4847 Aeneas:
933 4800 939 4813 ¹
