3022 5234
651 239 708 304 De
729 238 1004 301 divinatione.

739 423 808 483 Nec
831 429 968 499 tempere
997 423 1103 482 ecdem

297 535 451 596 lbislr'bm
471 538 529 592 cet
546 534 633 591 ente
653 531 753 608 librae
774 530 930 605 adparere
948 532 1104 606 macces,

292 642 363 704 Aur
378 644 485 720 patcie
505 655 637 699 manare
659 659 754 699 cruor
775 645 920 700 cessavit.

210 755 261 817 Dc
279 754 364 815 extis
385 750 584 812 notissimum
608 757 676 829 est,
707 748 747 811 de
775 750 855 810 rivis
885 751 1049 830 sanguinis
1072 749 1111 813 cl.
1137 750 1208 814 [riv.
1232 752 1366 827 XXVI,
1394 751 1454 816 23:

209 863 279 945 „Et
298 861 328 923 in
349 861 419 921 foro
441 856 624 921 Sudertano
654 857 818 939 sanguinis
840 858 928 920 rivos
957 878 1014 939 per
1043 858 1125 920 diem
1156 868 1256 921 totum
1285 858 1456 947 bunissef‘

211 970 353 1049 xxvii,
373 965 430 1030 23:
453 966 630 1040 „Volsiniis
652 965 807 1049 sanguine
829 965 935 1027 lacum
958 962 1143 1027 manasse.“
1168 966 1220 1029 Cf.
1233 968 1342 1046 XXll,
1357 971 1382 1032 l.
1402 969 1481 1036 36..

208 1080 330 1142 Verum
355 1075 515 1158 Georgi,
538 1075 617 1140 48οε
639 1072 642 1079 ’

224 1198 228 1204 ’
288 1189 339 1249 Et
357 1191 512 1247 maestam
532 1184 715 1245 inlacrimat
734 1185 862 1264 templis
882 1188 959 1246 ebur
969 1204 1108 1264 ceraque
1123 1187 1250 1251 sedent.

191 1297 301 1374 'Prius
323 1292 499 1376 prodigium
521 1291 605 1373 opud
622 1293 694 1354 hiv.
718 1292 792 1373 XL,
817 1292 874 1355 la:
914 1293 1072 1354 ”Lanuvii
1092 1292 1296 1354 simulacrum
1320 1292 1453 1354 lunonis

208 1405 361 1485 Sospitae
382 1396 601 1464 lacrimassef‘
628 1400 747 1471 xbssl,
773 1397 828 1462 13:
869 1398 1008 1478 „Cumis
1027 1403 1060 1460 in
1082 1417 1155 1462 erce
1175 1401 1292 1479 Apollo
1313 1402 1454 1465 triduum

208 1529 247 1574 ac
268 1519 336 1572 tres
357 1517 470 1571 noctes
490 1503 706 1572 lacrimavit.“
725 1508 869 1583 Alterum
890 1507 975 1589 apud
997 1510 1051 1572 lul.
1074 1507 1192 1591 Obseq.
1213 1509 1263 1573 62.
1281 1504 1321 1571 ad
1335 1525 1453 1570 annum

207 1617 250 1680 V.
273 1616 311 1679 C.
334 1613 473 1678 DCXC:
502 1615 741 1690 „Simulacrum
763 1614 878 1676 Martis
900 1611 1064 1688 sudavit.“
1107 1615 1176 1675 Ael.
1200 1613 1363 1696 Lamprid.
1385 1621 1455 1678 vite

209 1723 375 1788 Commodi
401 1726 477 1786 Ant.
510 1711 561 1788 1'6:
597 1724 771 1804 „Herculis
804 1725 929 1806 signum
950 1742 1083 1785 aeneum
1106 1722 1235 1786 sudavit
1254 1725 1287 1785 in
1308 1725 1453 1789 Minucia

93 1836 97 1844 '
207 1852 263 1914 per
285 1834 393 1913 plnres
414 1828 517 1895 dies.“
561 1832 629 1895 Cic.
652 1831 872 1909 livin.1,43:
895 1810 1032 1914 „Quid‘l
1066 1851 1163 1913 quum
1195 1831 1304 1895 Cumis
1337 1834 1453 1914 Apollo

207 1941 346 2014 sudavit,
373 1941 503 2020 Capuae
525 1938 725 2005 Victoria?“
770 1943 887 2023 Neque
908 1950 1016 2004 tamen
1045 1941 1252 2031 crediderim,¹
1274 1944 1380 2005 omnia
1402 1943 1454 2005 illa

205 2050 362 2132 prodigia,
385 2068 465 2130 quae
484 2050 650 2132 Vergilius
673 2049 794 2131 Georg.
817 2053 841 2128 l,
866 2050 1032 2113 leo—488
1053 2054 1213 2113 exstincto
1224 2051 1369 2114 Caesare
1391 2070 1452 2114 ec-

207 2159 327 2221 cidisse
348 2175 469 2230 narret,
503 2179 614 2222 revera
636 2162 739 2223 luisse
760 2165 922 2234 nuntiata,
954 2159 1013 2221 sed
1045 2160 1171 2239 poetica
1192 2159 1321 2222 licentia
1346 2180 1448 2241 pauca

206 2270 271 2346 illa,
294 2288 425 2350 quorum
448 2288 550 2329 rerum
564 2277 729 2351 gestarum
745 2273 918 2347 scriptores
931 2267 1111 2328 memoriam
1129 2266 1281 2347 iniicinnt,
1303 2269 1335 2329 in
1352 2269 1452 2330 maius

206 2377 348 2438 auxisse.
392 2376 495 2438 Unum
519 2385 619 2438 restat
639 2377 749 2438 mirum
773 2395 852 2437 sane
875 2384 1033 2437 ostentum
1056 2375 1136 2434 Aen.
1151 2374 1226 2459 Vll,
1241 2374 1292 2436 64.
1309 2377 1351 2439 de
1365 2380 1452 2440 lauro

205 2485 237 2545 in
258 2486 368 2546 Latini
389 2483 519 2547 aedibus
541 2494 718 2550 narratum:

288 2594 397 2654 Halae
416 2612 493 2670 oper
513 2611 671 2654 remmom
693 2596 820 2675 densae,
843 2595 986 2655 mirabile
1007 2596 1101 2670 dictu,

287 2700 432 2762 Stridore
451 2704 574 2776 trepenli
595 2701 747 2780 liquidum
769 2708 861 2762 trans
882 2703 1013 2762 aetltern
1033 2709 1161 2779 vectae,
1264 2780 1268 2789 ι

289 2807 447 2871 Obeedere
467 2811 596 2883 apicem,
621 2810 802 2884 etpedibus
821 2829 880 2886 per
900 2816 1011 2870 metae
1030 2813 1127 2871 necis

288 2917 441 2976 Ilorcmen
460 2917 598 2976 subitam
617 2934 704 2974 remo
721 2917 893 2995 frondente
911 2919 1068 2995 pependit.

203 3045 232 3107 E
254 3046 359 3108 multis
381 3045 521 3108 eiusdem
550 3047 596 3107 rei
623 3044 708 3126 apud
728 3047 1055 3128 Liviumluliumque
1076 3047 1313 3130 Obsequentem
1337 3049 1448 3132 prodi-

185 3154 265 3236 ·giis
288 3170 383 3214 unum
406 3153 549 3234 eligimus
568 3151 758 3214 simillimum
770 3153 945 3235 Linxxi,
961 3154 1017 3218 46:
1039 3155 1203 3231 „Examen
1223 3175 1319 3236 apum
1340 3157 1372 3218 in
1393 3176 1449 3219 ar-

200 3259 279 3322 bore
300 3265 456 3342 praotorio
479 3261 658 3321 imminente
679 3255 903 3324 consederet.“
949 3261 1070 3323 Nostro
1100 3264 1171 3323 loco
1192 3263 1366 3327 adventum
1389 3262 1449 3325 viri

200 3369 358 3454 peregrini
381 3386 419 3430 eo
442 3371 546 3428 omine
567 3367 697 3429 indicari
720 3370 947 3449 imperiumque
969 3370 1038 3431 eius
1059 3371 1168 3431 statim
1191 3390 1210 3432 e
1230 3371 1316 3432 vatis
1338 3371 1448 3433 verbis

197 3488 295 3560 patet.
338 3477 475 3541 Additur
497 3480 591 3541 etiam
613 3479 767 3541 Lauiniae
788 3477 872 3540 aliud
894 3479 1014 3557 imperii
1035 3478 1161 3560 signum
1183 3477 1232 3539 71.
1253 3479 1447 3541 flammein-

199 3588 308 3668 noxia,
331 3587 456 3667 deque
480 3590 543 3647 iam
566 3586 662 3649 locuti
685 3604 806 3648 sumus.
849 3588 897 3646 lta
917 3587 1014 3647 lulius
1037 3586 1237 3666 Capitolinus
1260 3584 1289 3647 3.
1312 3588 1353 3650 de
1374 3590 1447 3650 Aa·

197 3700 283 3758 tonio
319 3697 377 3759 Pio
406 3703 442 3757 ut
477 3697 595 3778 imperii
620 3715 712 3758 omen
742 3695 853 3757 refert:
877 3696 984 3775 „llius
1010 3704 1135 3758 statuas
1157 3698 1188 3757 iu
1210 3698 1294 3758 omni
1316 3695 1446 3759 Etruria

199 3819 333 3864 examen
356 3820 448 3883 apum
471 3797 642 3882 replevit.“
677 3800 782 3879 Quam
804 3802 1046 3863 inconstantiam
1067 3803 1129 3863 iem
1154 3804 1342 3865 observavit
1364 3805 1447 3869 Plin.

196 3909 238 3970 N.
261 3909 302 3969 Η.
325 3910 384 3989 XI,
409 3909 463 3972 18:
490 3907 642 3990 „Sedere
662 3908 693 3968 in
715 3910 830 3970 castris
852 3909 949 3970 Drusi
970 3910 1181 3991 imperatoris,
1204 3932 1275 3974 num
1290 3930 1446 3994 prosper-

195 4018 273 4080 rimo
307 4028 480 4099 pugnatum
514 4015 597 4098 apud
638 4016 827 4078 Arbalonem
867 4025 933 4090 est,
978 4017 1062 4079 haud
1094 4036 1250 4098 quaquam
1289 4028 1445 4099 perpetua

197 4127 377 4206 aruspicum
410 4126 615 4206 coniectura,
638 4126 688 4205 qui
721 4123 819 4186 dirum
841 4125 873 4187 id
896 4107 1054 4187 ostentdm
1077 4127 1258 4189 existimant
1279 4123 1445 4208 semper.“

279 4232 505 4317 progredimur
527 4232 568 4294 ad

207 4325 209 4328 ’
618 4342 783 4406 somnia.

277 4449 388 4511 Somni
409 4469 606 4533 nequaquam
622 4452 749 4514 videtur
770 4460 864 4541 poete
876 4460 995 4513 certam
1006 4469 1257 4531 expressamque
1269 4450 1443 4533 imaginem

193 4560 403 4638 concepisse,
438 4559 497 4621 sed
526 4561 616 4621 varia
644 4561 776 4621 Homeri
807 4561 980 4622 imitatione
1009 4561 1100 4620 rnodo
1130 4561 1213 4622 hanc
1242 4559 1338 4622 modo
1361 4563 1442 4624 illam

193 4666 335 4745 speciem
357 4665 553 4729 adhibuisses
594 4669 745 4730 Attamen
768 4672 799 4729 in
821 4668 871 4729 his
893 4686 1018 4749 quoque
1039 4687 1059 4730 a
1081 4666 1211 4732 Graeco
1234 4679 1312 4732 vate
1326 4670 1441 4746 distat.

132 4864 140 4874 Ι
189 4775 316 4837 Etenim
339 4775 387 4851 V,
409 4774 489 4841 838:
