3022 5234
210 229 274 291 270
688 236 742 297 De
764 238 981 302 funeribus.

289 415 390 476 Aaou
407 436 504 496 equos
525 423 558 479 et
573 418 646 488 tela
671 422 785 497 quibua
806 422 997 498 spoliaverat
1017 423 1145 483 boetem.

294 525 455 584 Vincerat
472 532 503 585 et
519 534 594 604 poet
611 533 701 604 torpa
721 547 847 610 manue,
869 549 949 608 quoe
968 534 1110 592 mitteret·
1127 533 1246 592 umbris

290 633 447 712 Inferias,
469 653 560 694 caeco
582 654 759 711 sparsurae
779 639 941 711 euapaiue
958 638 1140 719 flammam

288 742 485 820 Iadutoeque
505 743 591 802 iubet
611 748 743 803 truncos
763 743 931 804 besalibus
953 751 1052 805 armirr

289 855 385 928 lpooe
402 854 491 930 serre
511 853 615 922 duces,
639 853 828 929 inimicaque
848 855 976 911 uomina
992 855 1059 930 fipi.

84 980 90 997 ¹
206 962 359 1026 Serviust
385 963 496 1043 „Dicit
516 970 622 1024 autem
644 959 769 1023 adfixos
791 962 953 1041 trophaeis
969 963 1076 1024 titulos
1097 981 1167 1025 curn
1186 964 1365 1026 nominibus
1387 985 1445 1029 oc-

203 1074 369 1135 cisorum.“
420 1070 514 1150 Quod
550 1070 633 1151 apud
663 1071 827 1134 Romanos
848 1074 944 1134 moris
966 1072 1070 1134 fuisse
1094 1075 1211 1136 scimus
1231 1091 1250 1132 e
1271 1072 1384 1134 Tacito
1405 1074 1445 1134 de

204 1179 316 1263 iuuere
337 1177 478 1259 Augusti
498 1177 610 1243 Auual.
632 1179 657 1256 l,
677 1179 712 1242 8:
753 1178 822 1258 „Ut
843 1186 934 1260 porta
957 1179 1132 1261 triumphali
1157 1179 1322 1242 duceretur
1336 1180 1443 1259 faura,

205 1284 320 1350 Gallus
341 1284 488 1360 Asinius,
523 1292 559 1345 ut
588 1285 695 1366 legum
717 1285 849 1346 latarum
870 1285 967 1363 tituli,
1003 1291 1159 1348 victarum
1181 1287 1221 1348 ab
1242 1307 1281 1349 eo
1304 1291 1444 1373 gentium

203 1395 359 1458 vocabula
381 1394 621 1471 anteferrentur,
644 1391 764 1453 Lucius
783 1389 951 1454 Arruntius
972 1411 1155 1455 censuerant
1178 1394 1211 1453 ln
1225 1393 1337 1456 funere
1360 1413 1444 1476 quo-

204 1521 264 1585 que
287 1500 438 1564 Caesaris
460 1496 543 1579 apud
561 1498 694 1560 Sueten.
715 1497 766 1559 84.
787 1507 986 1561 exstructum
1010 1507 1078 1561 erat
1098 1498 1140 1562 ad
1161 1509 1256 1581 caput
1276 1510 1441 1583 tropaeum

206 1627 278 1671 cum
300 1620 407 1688 veste,
430 1609 460 1668 in
482 1626 543 1687 qua
564 1607 667 1668 fuerat
687 1603 864 1669 occisus.“-
888 1609 923 1668 ln
946 1607 1143 1688 cenotaphio
1165 1609 1282 1671 Pisano
1298 1611 1336 1673 C.
1350 1611 1439 1675 Cae-

203 1721 284 1781 saris
313 1733 408 1779 arcus
430 1716 618 1797 praecipitur
640 1715 852 1776 exstruendus
881 1715 1108 1782 ORNATVS.
1135 1716 1333 1782 seouuls.
1363 1718 1441 1781 Db}-

143 1890 146 1895 .
202 1824 453 1888 VlCTARVM.
495 1824 597 1884 AVT.
633 1823 691 1886 ΙΝ.
724 1823 874 1885 Fluunt.
914 1822 1233 1887 aucue'rnltvu.
1272 1824 1341 1885 AB.
1374 1823 1440 1887 uo,

203 1931 470 1997 GENTlVM.-
484 1932 518 1991 lu
540 1929 723 1994 Germanici
741 1932 904 2011 exsequiis
925 1933 1042 2006 (Tacit.
1066 1934 1146 1994 Anu.
1168 1935 1225 2015 ΙΙΙ,
1247 1933 1295 2007 2.)
1319 1952 1446 2015 „prae-

202 2038 357 2101 cedebant
389 2040 547 2122 incompta
581 2041 688 2120 sigua,
718 2041 826 2101 versi
858 2036 999 2104 fasces.“
1042 2039 1158 2118 Quem.
1184 2058 1302 2102 morem
1331 2040 1437 2104 fasces

201 2146 347 2209 vertendi
367 2146 532 2226 Vergilius
552 2148 657 2228 tetigit
677 2148 734 2221 Xl,
754 2147 810 2208 92:

406 2255 484 2313 Tam
505 2262 625 2314 maeeta
644 2254 794 2330 pbalaaa
818 2255 990 2332 Teucrique
1010 2261 1165 2314 secuntur

287 2363 503 2442 Tyrrhenique
522 2380 629 2422 omues
648 2369 681 2422 et
698 2365 828 2421 versia
850 2360 997 2453 Arcades
1032 2366 1169 2423 armis.

200 2470 299 2537 Filios
319 2488 411 2552 porro
435 2474 540 2552 capite
560 2472 682 2543 velato,
713 2469 796 2531 nudo
830 2469 910 2530 filias
932 2479 964 2530 et
986 2469 1105 2547 capillis
1126 2469 1272 2532 demissis
1293 2468 1435 2531 adfuisse

199 2579 364 2642 funeribus
387 2578 512 2640 disertis
528 2578 634 2641 verbis
655 2576 749 2640 tradit
770 2575 927 2638 Plutarch.
940 2573 979 2653 0.
991 2574 1032 2639 R.
1044 2575 1134 2638 XlV.
1155 2577 1275 2638 Harum
1297 2577 1435 2639 babilum

199 2688 297 2748 tenuit
318 2693 413 2766 poeta
433 2687 496 2767 Xl,
517 2684 574 2746 34:
669 2725 672 2729 ‹

281 2795 409 2856 Cacum
430 2799 531 2856 omnia
547 2794 706 2873 famulum
727 2810 842 2852 manus
868 2791 1065 2872 Troianaque
1085 2793 1180 2853 turba
1209 2814 1214 2823 ·

280 2903 327 2963 Et
347 2906 501 2960 maestum
522 2898 644 2959 Iliades
666 2899 822 2956 crinem
844 2897 883 2954 de
905 2917 992 2956 more
1013 2897 1185 2959 solutae.

197 3008 250 3071 ubi
273 3006 345 3070 illud
360 3010 398 3068 de
412 3027 497 3067 more
509 3003 550 3067 ad
565 3005 708 3067 Romana
719 3020 844 3082 semper
857 3003 1002 3064 instituta
1015 3012 1149 3082 spectat.
1170 3003 1237 3077 (Cf.
1247 3007 1298 3067 De
1312 3024 1433 3085 morum

196 3118 228 3179 in
250 3117 291 3180 V.
302 3119 341 3178 A.
349 3117 463 3178 babitu.
479 3134 508 3194 p.
525 3112 591 3186 23.)
614 3110 664 3172 Ad
688 3109 839 3193 Polydori
860 3110 956 3172 funus
978 3111 1184 3175 instauratum
1206 3121 1293 3176 stant
1309 3113 1433 3194 lupuit

278 3224 326 3286 Et
345 3228 462 3287 circum
482 3224 602 3285 Iliades
624 3224 779 3283 crinem
800 3222 839 3279 de
860 3239 945 3279 arere
964 3220 1134 3288 solutae.

108 3384 112 3393 .
196 3331 361 3414 [augentes
382 3339 512 3411 pectore
534 3331 709 3409 faciemque
731 3326 904 3407 carpebant
924 3326 1095 3409 interdum,
1131 3335 1166 3390 ut
1185 3335 1342 3389 testantur
1366 3326 1432 3393 Cic.

196 3436 259 3519 leg.
281 3441 324 3520 ll,
346 3437 405 3515 23,
425 3438 481 3502 59:
514 3436 756 3500 Mvurultus.
779 3433 944 3498 GENAS.
964 3435 1037 3496 Nu.
1059 3433 1290 3499 RADVNTO.
1310 3433 1430 3498 Aruob.

196 3541 240 3624 V’,
264 3543 311 3606 17.
331 3556 363 3605 et
387 3544 550 3626 Vergilius
573 3545 652 3604 Aen.
674 3543 706 3622 1,
729 3540 807 3603 481:

277 3652 470 3731 Suppliciter
490 3656 597 3713 tristes
618 3659 650 3712 et
675 3659 816 3712 laneae
832 3656 1004 3728 pectora
1022 3647 1182 3726 palmia.

195 3759 288 3820 Anna
310 3757 441 3820 Didonis
463 3777 552 3820 soror
574 3758 634 3835 IV,
655 3758 732 3821 073:

280 3868 447 3944 Uapuidua
468 3887 541 3928 ora
557 3869 691 3947 foedans
715 3872 747 3925 et
763 3872 928 3942 pectora
945 3865 1074 3940 papate.

195 3990 245 4054 cf.
268 3993 329 4073 xl,
344 3991 397 4054 86.
418 3991 468 4052 De
490 3992 632 4053 Pallante
654 3993 713 4074 xl,
733 3992 790 4057 37:

275 4104 439 4177 laycalem
455 4103 605 4175 percitum
626 4104 764 4161 tausis
783 4103 826 4161 ad
844 4101 952 4162 sidera
973 4102 1090 4172 tollunt

275 4208 466 4269 Pectoribus.

193 4316 269 4396 ΧΗ,
290 4315 368 4378 605:
384 4368 387 4373 .
404 4356 406 4363 ·

277 4428 362 4490 Filia
379 4433 485 4508 prima
506 4447 602 4489 mana
621 4429 757 4509 flacco
779 4429 916 4492 Lauinia
940 4433 1072 4490 crinio

273 4540 322 4600 at
340 4559 450 4598 roseae
471 4536 595 4597 laniata
609 4555 719 4612 penae.

191 4673 330 4734 fortasse
351 4670 510 4751 spectavit
530 4678 626 4752 poeta
656 4672 760 4752 legem
782 4669 845 4733 Xll
867 4672 961 4735 Tab.:
994 4669 1236 4736 olusianus.
1262 4665 1427 4736 GTNAS.

190 4781 262 4844 Nu.
284 4777 513 4845 RADVNTO.
537 4779 589 4841 vel
605 4776 781 4841 utServius
801 4776 918 4840 adfert:
940 4777 1011 4840 MV
1012 4779 1127 4842 ulula.
1143 4777 1334 4843 unciani.
1356 4773 1427 4838 Nu.
