3022 5234
136 240 179 302 62
430 239 488 301 De
509 242 683 300 tironum
706 239 1094 301 exercitationibus.

138 430 192 484 est
212 438 340 502 semper
360 429 477 482 exucta
496 450 537 465 -
557 427 711 501 tantoque
732 438 807 482 eura
828 428 915 492 erat,
948 429 982 482 ut
1003 439 1065 482 nnn
1087 420 1191 482 solum
1213 436 1233 480 ιι
1255 417 1379 479 dextris

136 533 318 596 sedetiam
348 552 368 595 a
398 532 534 594 sinistris
551 525 705 613 'pertibus
738 542 771 593 et
799 530 920 592 insilire
947 537 981 590 et
1002 527 1127 590 desilire
1147 528 1381 608 condiscerent,

137 642 329 724 evaginatos
352 642 447 703 etiam
467 640 590 723 gladios
608 641 662 702 vel
686 648 800 702 contos
827 647 984 704 tenentes.
1034 640 1107 700 Hoc
1135 639 1216 699 enirn
1246 635 1383 700 adsidua

138 745 343 808 meditatione
377 747 553 824 faciebant,
588 747 712 810 scilicet
746 755 782 809 ut
806 745 838 807 in
871 747 1004 807 tumultu
1044 745 1156 826 proelii
1189 747 1261 806 sine
1294 763 1384 806 mora

136 853 376 923 ascenderent“
414 853 489 915 Non
503 872 575 915 raro
591 871 671 914 vero
687 852 807 914 factum
824 859 885 927 est,
906 858 940 912 ut
960 851 992 911 in
1012 851 1082 930 ipso
1104 850 1224 931 proelio
1247 849 1382 930 equites,

135 963 192 1024 ubi
214 965 283 1026 loco
309 981 434 1045 aspere,
467 961 618 1042 impedita
640 969 761 1041 essent,
791 959 831 1022 de
854 959 947 1042 equis
968 959 1130 1021 desilirent
1151 958 1381 1039 victoriamque

134 1078 340 1152 reportarent
390 1069 464 1150 Qus
488 1069 529 1131 de
550 1089 649 1133 causa
671 1088 691 1132 ιι
711 1068 855 1152 Vergilio
877 1069 927 1152 X,
960 1067 1033 1132 ³64.
1056 1066 1211 1130 nominari
1231 1065 1379 1128 videmus

134 1179 297 1264 fugientes
1019 1172 1021 1177 ’

217 1290 376 1364 Arcadas,
398 1293 541 1351 insuetos
559 1293 646 1352 ecies
666 1292 788 1370 inferre
804 1291 963 1367 pedestris
983 1322 1024 1332 —

215 1398 343 1477 Aspera
364 1404 437 1478 quis
457 1404 575 1461 rectura
595 1401 658 1459 toci
677 1401 832 1460 dimittere
852 1399 978 1477 quando

216 1505 332 1568 Suasit
349 1526 454 1587 equos.
506 1535 507 1538 ¹

135 1613 241 1676 [ratini
263 1614 468 1694 contra'Xll,
490 1612 571 1675 288:

525 1720 668 1800 Corpora
687 1723 775 1784 sutis

217 1828 386 1892 Selicium
401 1835 437 1890 in
457 1849 564 1910 eques.

134 1961 271 2026 Camilla
294 1980 375 2024 vern
398 1980 470 2023 curn
491 1961 623 2023 Volscis
644 1962 729 2023 omni
757 1969 825 2023 arte
856 1962 998 2043 equestri
1024 1963 1157 2042 probata
1184 1964 1291 2024 'furno
1317 1963 1374 2036 ΧΙ,

133 2071 216 2137 50οτ

192 2243 196 2247 .
215 2182 373 2264 Occurrit,
389 2185 553 2261 portisque
574 2183 612 2241 ct
633 2200 711 2261 equo
731 2185 844 2258 repieta
866 2183 925 2242 sut
945 2185 1025 2259 ipsis

216 2288 366 2370 Desiluit,
390 2309 485 2368 quam
506 2293 572 2348 tnta
590 2288 706 2348 cohors
726 2290 848 2348 imitatu
868 2289 987 2348 relictis

216 2395 271 2458 Ac
288 2396 406 2459 ter'rnm
427 2399 566 2478 defluxit
584 2401 684 2478 equis.

132 2507 254 2592 Postea
272 2544 403 2611 quoqne
422 2530 482 2612 Χῖ,
504 2527 576 2591 710.
599 2535 710 2591 contra
729 2529 826 2592 filiurn
848 2529 934 2591 Auni
955 2548 1101 2613 pugnans

184 2660 188 2669 ⁴
218 2638 329 2700 tradit
347 2658 437 2699 ecum
457 2640 570 2720 comiti,
592 2639 787 2718 peribisque
808 2641 986 2699 resistitis
1009 2644 1108 2700 crinis

213 2747 306 2808 Ense
322 2748 420 2824 pedes
439 2745 534 2807 nudo.

131 2878 182 2943 Ita
201 2897 296 2962 porro
319 2877 367 2961 X,
388 2876 466 2940 453:

212 2989 354 3056 Desiluit
378 2987 508 3048 Turnus
528 2984 663 3064 dt'iuqis,
680 2990 778 3067 pedes
799 2999 936 3071 apparot
953 2996 1002 3054 ire

213 3099 409 3163 Comminus:

130 3237 204 3312 xit,
224 3231 304 3295 355:

211 3359 308 3423 Sistit
327 3376 424 3439 equos
444 3361 561 3436 &tucis
570 3401 581 3440 ,
602 3366 635 3420 et
654 3379 754 3422 curru
774 3359 889 3420 desib't.

130 3493 251 3556 Verum
269 3492 353 3555 haec
378 3493 556 3574 posteriora
587 3493 628 3556 sd
656 3495 748 3557 sliam
778 3512 882 3575 paene
909 3493 1050 3574 speciem
1075 3492 1241 3575 pertinent.
1294 3495 1371 3559 Mos

128 3600 181 3663 ille
205 3601 238 3662 in
265 3601 337 3682 ipse
365 3601 485 3682 proelio
512 3600 553 3664 de
573 3605 666 3684 equis
689 3601 853 3664 desiliendi
874 3600 1079 3684 peditumque
1098 3621 1188 3664 more
1210 3604 1373 3687 pugnandi

128 3708 161 3771 in
181 3708 312 3771 historia
330 3709 476 3773 Romana
496 3730 558 3771 nnn
579 3729 651 3772 raro
672 3711 787 3772 obvius
809 3718 871 3774 est.
920 3710 970 3772 cf.
999 3711 1072 3772 hir.
1093 3711 1141 3792 ll,
1172 3710 1233 3772 20:
1262 3712 1371 3791 „snm

128 3815 170 3879 ad
194 3817 317 3898 equites
339 3798 475 3879 dictator
495 3815 623 3878 advolet
644 3817 826 3893 obtestans,
856 3824 891 3877 ut
911 3816 1000 3880 tesso
1021 3818 1083 3878 iam
1104 3816 1210 3898 pedite
1231 3816 1372 3879 deseen-

129 3924 205 3986 dsnt
227 3945 268 3986 ex
289 3928 379 4005 equis
401 3933 433 3986 et
453 3942 592 4009 pugnam
614 3935 794 4006 capessant
843 3928 937 3990 Dicto
966 3946 1119 4009 paruere,
1149 3928 1318 4006 provolant
1337 3929 1371 3988 in

128 4036 265 4114 primurn
285 4042 318 4095 et
339 4053 396 4115 pro
417 4035 633 4119 antesignanis
653 4053 780 4116 parmas
811 4034 984 4100 obieinnt.“
1027 4038 1093 4118 lll,
1120 4035 1177 4097 62:
1211 4022 1372 4117 „Equites

68 4188 77 4203 ι
128 4141 258 4203 duarum
279 4143 438 4224 legionum
461 4145 605 4206 sexcenti
634 4145 703 4206 fere
735 4164 777 4208 ex
803 4150 896 4228 equis
924 4146 1091 4227 desiliunt,
1122 4144 1373 4226 cedentibusque

129 4249 192 4310 ism
213 4247 282 4308 suis
303 4250 471 4328 provolant
490 4253 523 4310 in
544 4251 713 4332 primum.“
742 4252 803 4336 IV,
824 4251 876 4315 38.
896 4252 1024 4315 labente
1043 4252 1105 4314 iam
1126 4271 1161 4312 re
1176 4253 1254 4317 Sex.
1270 4254 1372 4313 'l'em-

131 4357 245 4436 panius
268 4352 442 4415 exclamat:
463 4363 524 4437 „ut
544 4357 679 4438 equites,
700 4359 753 4438 qni
769 4360 895 4422 selvam
909 4360 1134 4440 rempublicam
1149 4358 1268 4421 vellent
1285 4377 1371 4435 esse,

129 4481 173 4524 ex
196 4462 286 4544 equis
308 4458 500 4524 desilirent“
542 4464 625 4542 Vll,
647 4464 683 4527 7:
706 4452 910 4549 „Postquam
932 4472 1091 4549 equestris
1113 4486 1222 4550 pugna
1242 4466 1372 4547 effectu,

129 4588 224 4652 quarn
245 4569 423 4652 conatibus,
445 4572 558 4633 vanior
578 4581 657 4654 erat,
680 4575 824 4637 consulto
843 4576 931 4656 prius
951 4576 1107 4638 dictatore
1127 4575 1267 4657 equites,
1296 4592 1374 4654 per-

127 4683 229 4740 missu
255 4678 370 4742 deinde
399 4677 474 4744 eius
486 4725 496 4763 ,
528 4682 648 4744 relictis
679 4685 771 4765 equis
806 4685 943 4747 elamore
964 4685 1086 4766 ingenti
1107 4686 1276 4764 provolant
1296 4692 1374 4746 ente

127 4792 237 4873 signa,
253 4797 284 4852 et
305 4789 590 4874 novamiutegrant
612 4807 784 4874 pugnam«
806 4791 1005 4875 ΧΧΧΙ,35;
1028 4793 1191 4874 nllqnites,
1208 4800 1244 4853 ut
1268 4778 1373 4854 semel
