3022 5234
212 245 254 304 50
634 309 636 313 ,
707 241 760 300 lle
785 249 958 301 tessera.

211 445 294 488 rum
316 426 387 485 sive
410 423 615 503 profectionis
637 431 761 484 tessera
782 423 822 483 alr
845 422 957 483 eodem
982 422 1159 503 [praelecto
1181 424 1336 509 legionis]
1361 433 1455 505 pete·

212 539 331 598 barura
356 535 459 610 lll,5:
483 531 639 593 rVoealia
651 528 760 613 [signa
771 531 934 610 militaria]
952 532 1106 607 dicuntur,
1120 552 1204 614 quae
1215 552 1300 596 vooe
1320 537 1456 599 humana

211 644 461 724 pronuntiantur,
484 644 571 703 sieut
589 642 620 701 in
643 641 807 723 vigiliis
829 645 884 704 vel
912 643 940 702 in
968 643 1087 724 proelio
1118 664 1175 723 pro
1202 649 1297 728 signo
1332 645 1454 725 dieitur,

210 759 246 811 ut
266 758 358 830 puta:
382 751 574 828 viatoria,
598 748 746 828 palma,
769 752 924 828 virtus,
948 749 1049 811 deus
1070 752 1293 829 nobiseum,
1315 753 1452 815 trium·

95 917 97 921 .
209 857 308 937 phus
331 857 593 938 imperatoris
617 865 650 917 et
682 858 745 919 alia
774 875 983 938 quaeeunque
1006 861 1146 921 voluerit
1172 860 1249 923 dare
1271 863 1316 941 is,
1348 863 1453 942 quiin

209 966 353 1026 exercitu
385 966 483 1027 habet
503 969 673 1027 maximam
694 972 895 1045 potestatem.
920 964 1090 1028 Sciendum
1113 975 1219 1030 tamen
1237 978 1298 1043 est,
1313 975 1376 1032 ista
1388 988 1452 1033 vo-

209 1073 320 1134 cabula
342 1072 482 1152 quotidie
504 1071 622 1133 debere
644 1073 789 1135 variaria
834 1071 928 1152 Apud
950 1073 1089 1134 Statium
1112 1075 1211 1140 Theb.
1234 1079 1276 1158 X,
1302 1078 1356 1139 17:

373 1183 439 1242 Dat
458 1187 584 1242 tessera
608 1182 734 1261 siguum

295 1290 452 1351 Exoubiis
474 1291 663 1371 positaeque
685 1294 786 1353 viees.

208 1399 313 1460 Huius
335 1406 485 1479 quantum
518 1398 583 1458 vidi
618 1406 765 1459 tesserae
795 1398 912 1460 nullum
943 1397 1027 1479 apud
1056 1397 1233 1480 Vergilium
1262 1402 1371 1458 exstat
1392 1416 1452 1458 ex-

208 1508 345 1587 emplum
367 1515 463 1588 atque
484 1507 678 1586 vestigium,
711 1506 843 1567 alterius
870 1523 949 1566 vero
971 1523 1034 1566 una
1056 1512 1143 1566 certa
1168 1505 1306 1567 iaiioitur
1327 1507 1447 1566 mentio

208 1613 288 1673 nen.
314 1612 392 1692 vn,
412 1609 491 1673 637:
1359 1592 1371 1613 '

290 1721 433 1785 Classica
454 1726 579 1801 tamque
600 1729 725 1795 sonant,
750 1725 778 1781 it
797 1721 875 1782 delio
899 1729 1069 1783 tessera
1087 1725 1224 1800 siquem,

210 1829 264 1889 ubi
287 1830 445 1891 Servius:
476 1829 682 1909 „Symbolum
706 1830 868 1911 bellicum,
903 1828 987 1911 quod
1018 1829 1059 1890 ad
1090 1846 1230 1911 pugnam
1258 1830 1449 1892 exeuntibus

205 1937 307 2018 datur,
332 1937 454 1998 scilieet
475 1945 604 2017 propter
617 1938 846 2013 confusionem,
867 1936 971 1998 utfuit
992 1937 1022 1997 iu
1032 1936 1116 1996 bello
1127 1937 1223 1998 Marii
1240 1936 1318 1997 [rer
1339 1935 1446 2010 deus,

206 2048 235 2104 in
259 2046 370 2106 Sullae
393 2047 542 2124 Apollo
563 2047 814 2127 Delphinus,
841 2046 872 2106 in
896 2045 1048 2106 Caesaris
1071 2044 1210 2105 Venus
1232 2042 1446 2124 genimima

205 2153 352 2232 Amplius
375 2174 415 2214 ex
438 2154 486 2216 his
507 2150 730 2216 historicorum
752 2153 936 2214 Latinorum
955 2151 1033 2213 locis
1065 2153 1263 2232 inlustratur,
1294 2150 1375 2212 Hirt.
1406 2150 1443 2210 Β.

206 2261 297 2340 Hisp.
318 2260 375 2321 36:
421 2263 512 2324 >illae
533 2283 568 2323 re
589 2262 736 2344 cognita,
759 2259 939 2341 imequenti
959 2267 1054 2321 noete
1073 2259 1184 2340 vigilia
1205 2259 1299 2320 tertia
1321 2265 1446 2318 tessera

205 2368 289 2448 data,
319 2377 410 2431 extra
437 2370 555 2432 vallum
590 2388 702 2432 omnes
726 2377 800 2431 sunt
829 2368 977 2431 concisio
1023 2366 1121 2430 Caes.
1152 2367 1191 2426 B.
1219 2361 1302 2428 Gall.
1324 2367 1367 2445 ll,
1388 2363 1448 2426 202

206 2476 324 2537 »Acies
346 2477 539 2554 instruenda,
561 2479 676 2540 milites
701 2475 895 2552 cohortandi,
915 2477 1041 2558 signum
1064 2473 1228 2536 dandum«
1260 2472 1312 2533 ubi
1333 2479 1447 2553 poste-

204 2589 288 2647 riora
309 2587 408 2650 verba
429 2587 470 2648 de
489 2596 612 2650 tessera
633 2599 708 2653 suut
739 2586 942 2668 expdeanda‚
982 2604 1086 2666 neque
1115 2584 1154 2656 de
1183 2586 1329 2648 tubarum
1355 2581 1445 2642 ltuoi*

204 2713 376 2775 uarumque
390 2697 540 2779 clangore
562 2695 758 2780 accipienda,
783 2714 878 2778 quum
900 2712 961 2755 non
977 2693 1079 2756 solum
1094 2693 1246 2754 vexillum
1262 2713 1447 2776 proponen-

205 2801 288 2880 dum,
312 2803 369 2863 sed
392 2806 519 2888 signum
541 2807 618 2868 tubo
632 2805 769 2867 dandum
792 2808 856 2866 iam
877 2810 972 2864 antea
993 2805 1036 2862 sit
1047 2809 1337 2867 commemoratum.
1359 2803 1443 2865 Hirt.

203 2898 239 2973 B.
261 2914 361 2978 Alfio
382 2914 438 2977 83:
464 2913 578 2992 »Quod
600 2923 768 2995 postquam
791 2911 912 2974 Caesar
933 2910 1107 2992 intellexit,
1139 2910 1280 2972 incitatis
1310 2913 1446 2975 militum

204 3019 316 3082 animis
335 3023 443 3085 resisti
463 3024 547 3085 nullo
568 3023 661 3105 modo
681 3040 790 3104 posse,
813 3023 905 3104 signo
926 3021 1147 3084 felicitatis
1169 3021 1255 3105 dato,
1277 3040 1360 3102 equo
1383 3023 1445 3085 ad-

204 3134 313 3206 misso,
345 3134 374 3194 in
396 3132 521 3208 hostem
547 3139 659 3194 eontra
692 3130 850 3211 prinoipes
871 3131 917 3191 ire
945 3128 1136 3192 contendito
1189 3131 1343 3212 Epoetis
1366 3131 1449 3197 haee

204 3241 364 3304 sufficiant
386 3241 533 3322 exempla
555 3240 637 3302 Stat.
661 3239 762 3306 Theb.
783 3239 858 3319 Vll,
881 3237 961 3300 236:
1356 3228 1358 3233 ’

369 3349 485 3429 Longo
509 3346 593 3428 fugit
614 3345 721 3408 ordine
743 3346 840 3407 velox

288 3461 439 3538 Tessera,
462 3458 637 3538 propellunt
657 3459 752 3518 acies.

205 3568 263 3630 Sil.
284 3568 367 3631 Purr.
390 3567 466 3643 XV,
487 3565 568 3629 475:

573 3678 718 3740 Tacitum
742 3674 796 3737 dat
817 3682 944 3736 tessera
964 3672 1099 3754 siguum.

202 3787 292 3848 Duos
316 3787 396 3848 alios
410 3787 554 3848 Maronis
575 3785 664 3847 locos
684 3784 852 3866 quominus
875 3790 961 3843 oerto
982 3779 1047 3841 hue
1067 3780 1216 3860 referam,
1243 3779 1374 3860 impedit
1394 3801 1446 3844 me

201 3896 311 3957 neseio
342 3897 430 3979 quis,
458 3917 499 3959 ue
527 3898 623 3959 nimia
655 3892 792 3975 quadam
825 3889 966 3952 doctrina
998 3888 1094 3956 inlata
1125 3907 1254 3950 sensum
1284 3894 1443 3970 poeticum

203 4002 345 4080 laedam,
375 4005 476 4066 timor.
498 4005 624 4067 Etenim
646 4005 729 4064 Aen.
745 4003 787 4082 ll,
807 4001 881 4064 370.
904 4003 1050 4065 Troianis
1072 4001 1200 4066 Graeca
1221 4020 1309 4064 arma
1329 4003 1447 4066 indutis

203 4111 320 4191 primus
342 4131 379 4174 se
401 4113 493 4175 offert
508 4111 713 4194 Androgeos,
728 4114 781 4192 qui
802 4113 890 4173 socia
915 4126 989 4170 esse
1010 4114 1139 4193 agmlna
1160 4111 1329 4174 arbitratus
1343 4116 1447 4178 amine

202 4241 259 4284 eos
282 4223 459 4307 compellat,
478 4222 554 4284 375:
1242 4205 1244 4210 ⁵

282 4331 378 4397 Dixit
397 4342 429 4396 et
447 4335 614 4413 eulampio,
640 4353 741 4414 nequa
763 4339 846 4396 enim
867 4350 1023 4414 responsa
1042 4331 1200 4393 dabantur

284 4437 370 4498 Fida
390 4440 482 4512 satia,
503 4442 606 4498 sensit
624 4442 742 4502 medios
765 4443 916 4521 delapsus
939 4446 973 4501 r'rt
994 4441 1105 4502 hostia.

203 4559 255 4620 ubi
277 4561 559 4623 Serr⁷ius:.oBene
581 4564 701 4628 addidit
718 4571 796 4648 firi-o,
824 4576 860 4630 ut
881 4568 1065 4631 ostenderet
1098 4570 1345 4652 symbolum,
1382 4588 1462 4655 que·

202 4667 370 4727 utebantur
391 4667 421 4728 in
444 4668 555 4731 ballea
576 4674 730 4756 argutior,
742 4694 836 4755 quam
845 4693 952 4736 verus.
976 4675 1096 4738 Eadem
1108 4677 1229 4739 ratione
1250 4677 1292 4740 etl
1304 4680 1346 4763 11,
1359 4680 1445 4764 ἄλ,

196 4774 248 4836 ubi
269 4772 386 4838 Graeci
