3022 5234
590 246 645 308 De
667 246 897 311 funeribus.

202 433 290 491 Idem
312 437 359 490 ter
379 432 487 490 socios
505 448 589 505 pura
612 428 807 488 circumtulit
826 431 925 507 anda,

202 538 369 614 'Semperne
390 557 462 597 rore
484 537 545 596 teci
563 542 597 596 et
614 555 702 596 ramo
719 537 827 616 seticis
848 537 958 613 olicae,

205 644 433 723 Lustravitqae
453 647 548 723 viros,
571 645 715 721 dicitque
735 647 906 704 meieeima
928 644 1031 705 verba.

125 753 211 816 „sed
232 754 327 815 moris
349 751 463 825 fuerat,
483 758 519 811 ut
540 748 579 810 de
599 751 687 811 lauro
711 749 809 811 fieret.
860 751 948 814 Sane
975 751 1051 812 dicit
1079 751 1248 833 DonatuS‚
1281 752 1364 834 quod

125 864 186 926 boc
205 873 333 942 propter
357 860 538 938 Augustum
560 855 608 932 (l)
631 859 777 934 mutavit3
800 877 872 921 nam
885 868 959 920 nata
981 867 1049 920 erat
1070 858 1177 921 laurus
1199 862 1229 921 in
1248 861 1363 939 palatio

127 990 166 1032 eo
189 971 255 1045 die,
284 988 347 1050 quo
370 975 537 1029 natusest
560 968 742 1048 Augustas,
763 966 857 1026 unde
878 966 1105 1046 triumphantes
1125 971 1268 1029 coronari
1290 987 1370 1029 con·

128 1087 320 1156 sueverant,
357 1086 485 1157 propter
516 1094 609 1155 quam
639 1093 704 1134 rem
733 1073 830 1134 noluit
863 1072 983 1134 laurum
1015 1074 1119 1136 dicere
1151 1074 1208 1140 ad.
1231 1076 1370 1138 officium

129 1189 263 1270 lugubre
283 1187 470 1266 pertinerem
513 1184 549 1244 ln
577 1183 648 1264 iiio,
677 1200 769 1262 quem
791 1180 962 1256 habemus,
996 1184 1112 1245 Donati
1137 1188 1369 1262 commentario,

130 1299 194 1361 tale
205 1294 373 1376 quidquam
399 1312 460 1353 non
481 1294 613 1369 repperi.
637 1290 751 1352 Simile
772 1287 846 1369 quid
868 1299 974 1351 narrat
985 1291 1106 1352 Plinius
1118 1292 1160 1353 N.
1169 1293 1211 1355 H.
1233 1294 1308 1368 XV,
1318 1295 1372 1359 40.

133 1405 186 1488 qui
207 1402 307 1464 idem:
329 1397 474 1482 „Eadem
500 1394 639 1474 [laurus]
662 1395 931 1475 purificationibus
954 1396 1157 1461 adhibetur.“
1210 1403 1287 1462 item
1319 1402 1370 1462 di·

133 1514 212 1573 citur
234 1509 399 1592 Vergilius
422 1507 579 1579 (biacrob.
603 1507 662 1578 ΙΙΙ,
696 1506 760 1572 12.)
787 1505 907 1568 taurum
935 1505 967 1566 in
995 1505 1152 1567 sacrificio
1179 1507 1263 1590 apud
1287 1528 1374 1572 aram

134 1621 301 1681 maximam
330 1622 494 1687 mutasse,
530 1612 589 1674 sed
615 1614 656 1673 ibi
684 1613 850 1693 populeam
882 1632 1029 1674 coronam
1053 1623 1180 1694 propter
1203 1618 1374 1679 Herculem

135 1729 250 1807 posuit.
300 1726 450 1787 Ceterum
480 1723 569 1784 oleae
600 1723 674 1784 folia
703 1722 744 1783 ad
769 1720 938 1783 defunctos
966 1740 1093 1804 quoque
1117 1726 1285 1802 pertinent.
1320 1725 1371 1787 cf.

135 1835 213 1895 Plin.
234 1834 275 1896 N.
297 1832 338 1896 H.
360 1829 510 1901 XXXV,
533 1831 589 1890 46:
632 1828 740 1908 „Quin
762 1837 794 1889 et
818 1829 986 1890 defunctos
1009 1848 1085 1890 sese
1109 1831 1195 1893 multi
1226 1831 1374 1894 fictilibus

136 1939 223 2000 soliis
245 1937 339 1999 condi
359 1939 513 2013 maluere,
534 1938 618 1999 sicut
637 1939 682 2000 Μ.
703 1939 817 2014 Varro,
848 1938 1064 2020 Pythagorico
1086 1940 1195 2016 modo,
1227 1942 1257 2002 in
1281 1943 1375 2021 myrti

138 2061 170 2111 et
195 2050 312 2110 oleae
340 2057 434 2130 atque
463 2048 568 2128 populi
596 2051 707 2130 nigrae
738 2042 858 2107 foliis.“
906 2049 1089 2109 Novissima
1119 2050 1213 2108 uerba
1239 2047 1376 2112 Servius

138 2164 227 2236 putat
248 2175 323 2216 esse
343 2156 419 2218 illud
442 2157 579 2230 ilicet,
610 2175 700 2229 „nam
726 2155 815 2215 vale
837 2155 997 2216 dicebatur
1023 2162 1096 2234 post
1116 2156 1224 2216 tumuli
1248 2175 1372 2237 quoque

137 2273 265 2345 peracta
288 2261 481 2324 sollemnia.“
526 2263 591 2324 Sed
615 2261 726 2323 eodem
748 2263 816 2323 tere
838 2260 946 2322 ordine
968 2264 1098 2322 Aeneas
1120 2263 1177 2341 Xl,
1200 2263 1258 2328 97:

395 2370 516 2431 Salve
537 2377 699 2430 aeternum
721 2371 806 2443 milte',
831 2390 980 2431 macume
1001 2371 1105 2443 Palla,

224 2485 458 2561 Aeternumque
478 2484 574 2542 eale.
968 2562 972 2569 ¹

142 2593 193 2655 Cf.
217 2593 309 2654 Serv.
335 2592 374 2650 ad
398 2589 476 2651 Aen.
499 2590 537 2661 ll,
555 2588 631 2649 644.
676 2591 733 2669 ΙΙΙ,
754 2588 803 2649 68.
847 2589 889 2670 V,
911 2589 968 2650 80:

224 2700 363 2771 Sotae,
387 2704 499 2757 sancte
517 2715 645 2774 parens,
670 2701 783 2757 itermn
804 2692 1102 2776 eateete'recepti

224 2809 424 2885 Nequiquam
445 2807 577 2869 eineres,
601 2809 786 2882 animaeque
807 2806 995 2884 umbraeque
1014 2798 1175 2884 paternae.

143 2940 298 3001 'l'umulus
327 2937 442 2998 deinde
474 2937 526 2997 vel
554 2936 680 2997 bustum
710 2939 762 2998 vei
791 2938 990 3018 sepulchrum
1015 2941 1142 3001 ossibus
1165 2944 1381 3025 imponebatur

143 3057 239 3127 atque
261 3046 404 3125 insignia,
427 3064 541 3106 nomen
564 3045 737 3127 laudesque
758 3044 962 3107 addebantur.
984 3046 1043 3117 Vl,
1066 3047 1144 3109 232:

227 3177 272 3237 At
290 3181 364 3253 piae
385 3176 513 3235 Aeneae
535 3182 694 3252 inqenti
722 3178 824 3236 mate
852 3178 1121 3254 sepulchrum

228 3288 365 3366 Inponit,
387 3303 508 3362 areaque
529 3304 618 3343 arma
640 3288 706 3343 ciro
727 3305 909 3363 remumque
931 3288 1107 3365 tubamque,

229 3398 339 3456 Monte
360 3393 418 3452 aab
439 3393 524 3450 aerio
545 3432 707 3452 ......

146 3511 182 3568 la
204 3526 265 3587 quo
288 3519 406 3563 remum
429 3482 721 3580 [εὖῆρεςέρετμόν]
742 3497 782 3557 ab
806 3498 945 3559 Homero
965 3517 1043 3560 sane
1066 3500 1282 3582 depromptum
1308 3464 1393 3589 eslii

147 3616 233 3676 lubet
264 3607 452 3682 existimari,
481 3605 586 3666 tubam
620 3591 715 3683 poeta
742 3604 867 3670 addidit.
911 3608 1068 3669 Memorat
1091 3629 1182 3688 porro
1205 3613 1269 3695 Xt,
1305 3598 1384 3676 200⁴:

150 3726 301 3782 seminata
323 3719 424 3786 busta,
448 3713 525 3774 84⁹:

509 3822 587 3884 Fuit
606 3827 721 3898 inqenc
742 3830 843 3882 monte
863 3825 921 3885 aab
943 3825 1008 3883 atto

234 3941 332 4013 Reqie
359 3939 521 3997 Dercenni
541 3941 665 3993 terreno
686 3953 729 3992 ea
750 3953 866 4009 aqqere
887 3935 1011 3994 buetrem

234 4048 369 4124 Antiqui
388 4045 572 4111 Laurentia,
595 4061 752 4119 opacaque
772 4044 844 4100 ilice
865 4050 989 4103 tectum.
1099 4108 1104 4117 ,

154 4154 288 4216 Carmen
313 4150 540 4212 inscribendum
567 4156 718 4210 memorat
740 4150 850 4232 Eclog.
874 4152 932 4229 Vl,
957 4153 1015 4212 ΙΙΙ

234 4263 281 4320 Et
302 4260 455 4321 tumulum
471 4261 571 4337 [acite
592 4263 624 4315 et
643 4257 763 4317 tumulo
783 4261 983 4333 superaddite
1003 4281 1149 4323 carmen:

239 4370 385 4446 Daphnis
409 4388 465 4444 epo
487 4373 520 4426 in
543 4367 644 4445 atlete,
666 4367 742 4425 triac
764 4385 864 4443 usque
886 4369 928 4425 ad
946 4371 1051 4429 sidera
1072 4379 1176 4446 notem,
1198 4406 1202 4415 ·

235 4476 382 4538 Formosi
398 4479 523 4553 peeoris
546 4479 663 4553 caetae,
679 4475 849 4552 farrnoeicr
870 4480 946 4548 ipae.

155 4592 299 4650 iocosam
328 4599 554 4661 amoenamqae
584 4581 656 4640 talis
684 4580 795 4640 tumuli
822 4581 1012 4662 congerendi
1035 4585 1273 4665 descriptionem
1295 4590 1386 4669 legas

157 4694 219 4757 Cul
249 4688 454 4754 unu-4092

237 4803 298 4862 Hie
319 4799 460 4860 tumulae
481 4818 576 4875 cuper
598 4800 760 4877 inseritur,
782 4804 847 4857 tam
864 4799 972 4875 fronte
994 4798 1118 4860 locatur

207 4931 285 4972 Lorarii
298 4930 431 4977 antiquatam
444 4929 581 4979 virgin-nro.
1112 4953 1115 4959 .
1141 4915 1193 4975 ἢ
