3022 5234
233 252 457 335 Vergilius
478 251 572 333 quid
594 251 642 313 de
664 249 750 334 deo,
775 252 927 323 inundo,
953 253 1040 317 fato
1060 255 1261 331 sepserit
1308 253 1370 335 133

131 435 240 514 „Nam
263 435 292 497 si
311 437 472 517 generatis
494 435 651 509 sententia
680 443 751 513 est,
782 435 956 496 secrurdum
984 435 1161 515 Epicureos
1189 445 1301 503 contra
1321 457 1377 498 re-

128 542 279 626 ligionem
302 553 362 614 est,
386 543 415 611 si
435 549 541 605 autern
564 550 683 602 tantum
705 540 744 614 ad
767 541 881 603 bovem
904 541 1052 623 refertur,
1072 541 1135 603 hoe
1158 543 1243 608 dicit.
1288 544 1376 622 Quid

129 652 158 713 ei
180 651 323 731 prodest,
349 651 457 719 iahore
479 667 538 721 suo
558 648 678 720 aluisse
708 649 856 721 mortales
867 642 904 707 ‘to
935 646 1025 709 'l'alia
1053 648 1148 711 horno
1176 653 1246 713 sani
1269 653 1376 716 indicii

129 768 325 838 aspernatur.
368 760 484 839 Neque
504 758 635 830 altarum
657 758 785 837 Epicuri
808 758 969 837 placitum,
992 777 1143 829 omnem
1167 772 1255 839 post
1276 782 1378 825 mor-

131 876 209 929 tem
229 885 391 932 sensnm
413 867 602 940 interire,
622 884 735 927 revera
759 874 875 944 poetae
898 869 995 927 tuenti
1022 865 1067 929 ita
1088 867 1287 943 tribuendum
1301 891 1379 945 esse

131 972 268 1053 videtur,
289 983 325 1035 ut
335 982 492 1055 ¹tanquam
510 975 666 1054 propriam
687 974 755 1048 eius
781 975 970 1035 sententiam
986 974 1235 1041 cousideremns.
1271 978 1379 1057 Quid?

133 1079 240 1158 Quum
264 1080 423 1143 Anchises
450 1099 575 1144 summo
604 1083 690 1147 tuctu
717 1082 849 1151 obrutus
875 1081 905 1156 in
934 1082 1035 1151 verba
1055 1094 1197 1165 erumpat
1219 1088 1266 1166 ΙΙ,
1300 1087 1379 1149 646:

130 1189 256 1255 Facitis
276 1192 404 1250 iactura
425 1189 600 1267 neochori.
617 1191 761 1268 priorene
778 1189 885 1263 Servii
901 1190 1111 1269 explicatione
1130 1200 1269 1265 utamur:
1293 1194 1381 1273 „Ant

131 1296 308 1367 secundum
325 1297 511 1376 Epicureos,
523 1297 575 1377 qui
593 1296 700 1359 dieunt
711 1295 784 1357 nihil
798 1314 932 1375 superes
952 1308 1059 1379 epost
1073 1295 1252 1375 mortem‘tn
1272 1297 1379 1379 Qnid‘d

131 1405 219 1471 Num
242 1404 402 1467 Anchisae
433 1404 630 1486 appellantur
653 1405 702 1486 V,
731 1404 781 1467 81.
798 1316 1131 1570 igeceptisrequtqoom
1153 1415 1276 1470 cirtereo
1297 1427 1381 1491 „se-2

133 1511 270 1576 mnndum
291 1513 487 1592 Epicureos,
518 1514 570 1592 qui
600 1511 707 1581 dicunt
735 1514 839 1581 omnia
871 1530 912 1590 pe
929 1511 973 1573 irc
995 1529 1070 1574 cum
1088 1513 1277 1595 .corporeh“
1313 1521 1382 1583 Aut

133 1636 196 1698 quo
220 1627 315 1698 poeta
337 1620 480 1702 fungitur
503 1620 606 1699 elogio
628 1623 720 1679 inani
739 1640 869 1680 munero
893 1620 953 1696 VI,
974 1622 1052 1683 886:
1076 1625 1271 1702 ‚seeundum
1294 1626 1379 1707 tipi-

133 1743 248 1787 eureos
270 1746 331 1788 nou
354 1729 520 1808 profuturo
529 1723 572 1792 ?‘'·
614 1729 680 1797 Aut
702 1728 782 1798 vn,
805 1728 841 1789 4:
874 1731 905 1787 ar'
924 1749 988 1807 ouo
1018 1737 1078 1791 est
1095 1732 1201 1808 qtorr'o
1230 1731 1375 1817 Caietae,

134 1853 229 1916 quum
252 1836 320 1897 eius
340 1856 455 1898 nornen
476 1836 546 1897 loco
569 1837 764 1917 imponatur:
798 1835 999 1914 „secundum
1021 1833 1250 1916 Epicureos‘d“
1285 1842 1378 1903 'tatia

132 1943 267 2004 tabellae
289 1953 363 2006 suut
384 1945 578 2026 nugantium.
620 1945 732 2006 Potius
753 1945 889 2019 Annam,
907 1945 1039 2021 Didonis
1061 1963 1215 2028 sororem,
1238 1947 1322 2027 impii
1342 1956 1375 2008 et

135 2052 293 2115 liberioris
315 2051 440 2115 credam
462 2070 537 2113 esse
559 2051 654 2113 animi
674 2053 918 2132 interrogantem
942 2052 1000 2124 tv,
1023 2050 1079 2115 at:

217 2163 260 2223 Id
279 2167 415 2221 cinerem
437 2167 496 2220 out
514 2161 627 2220 Mania
651 2161 756 2218 orodis
778 2180 892 2219 aurore
912 2162 1083 2237 sepultos?

136 2272 247 2351 „Dicit
268 2278 372 2330 autem
395 2266 571 2329 seeundum
594 2266 845 2346 Epicureos,qui
866 2266 1000 2329 animam
1025 2284 1097 2328 curn
1117 2287 1250 2348 corpore
1273 2268 1382 2332 dicunt

134 2377 273 2462 perire.“
296 2379 415 2457 Neque
436 2395 518 2458 quac
540 2376 612 2452 alibi
635 2393 654 2436 a
675 2375 790 2435 Servio
812 2373 853 2434 de
873 2375 940 2435 fato
965 2375 1027 2450 vt,
1047 2374 1132 2452 376„
1155 2377 1195 2438 de
1214 2380 1318 2440 anima
1336 2379 1381 2457 X,

134 2489 217 2572 487„
240 2486 281 2547 de
298 2484 588 2571 voluptatessciog.
605 2483 648 2563 ΙΙ,
672 2481 735 2562 58„
760 2490 870 2543 natura
886 2478 1014 2563 Georg..
1023 2483 1065 2563 ΙΙ,
1077 2483 1146 2557 ·49.,
1164 2483 1249 2554 inani
1269 2487 1381 2568 Ectog.

82 2578 196 2677 nvp,
219 2592 281 2680 317
304 2575 456 2697 sotem
477 2564 752 2757 hiidJQeolrgJId,
775 2588 860 2669 247„
882 2590 984 2652 stellis
1007 2588 1129 2671 Georg.
1152 2592 1178 2672 I,
1200 2590 1272 2658 252.
1294 2593 1379 2674 2572,

134 2714 231 2768 nome
251 2704 308 2778 Vl,
327 2701 409 2774 272,
433 2698 574 2779 pluribus
596 2690 655 2759 coe
669 2714 695 2757 rs
717 2697 745 2777 1,
766 2693 840 2756 330.
874 2694 914 2756 ad
938 2697 1064 2776 Epicuri
1094 2696 1269 2761 doctrinam
1289 2698 1379 2761 refa-.

136 2823 244 2879 runtnr
266 2813 361 2888 dicta,
382 2815 502 2873 maior-e
524 2807 715 2869 auctoritato
735 2805 839 2867 fulciri
861 2813 1005 2886 possunt.
1047 2805 1149 2866 Poeta
1170 2805 1227 2875 vix
1249 2824 1310 2867 nno
1332 2807 1382 2871 al-.

135 2937 249 2993 terove
269 2925 340 2986 loco
362 2942 380 2983 e
402 2921 572 3003 longinquo
594 2919 820 2998 Epicureorum
842 2934 922 2977 vera
944 2913 1074 2976 decreta
1096 2915 1215 2996 tetigit3
1252 2913 1381 2976 deorum

135 3037 220 3099 enirn
241 3041 462 3113 contemptus,
491 3031 542 3112 qui
570 3028 723 3091 Mezentii
752 3036 817 3102 est,
855 3045 874 3086 e
911 3027 979 3085 vita
1014 3025 1120 3104 potius
1147 3021 1306 3084 communi
1342 3038 1382 3082 ac

136 3144 254 3218 fabum,
268 3161 359 3222 quarn
382 3161 400 3201 e
421 3137 617 3221 philosophia
641 3145 691 3199 est
713 3136 899 3197 delineatns.
930 3133 1004 3193 Huc
1027 3137 1121 3193 etiam
1144 3132 1257 3211 aliquis
1279 3132 1383 3210 possit

135 3250 299 3315 advocare
319 3246 500 3319 [iucretii
522 3245 659 3308 studium
680 3244 733 3305 hic
754 3243 815 3303 iilic
837 3241 1059 3322 perspicuum3
1082 3237 1141 3297 sed
1158 3237 1257 3307 verba
1279 3240 1383 3318 magis

136 3378 231 3442 qnam
243 3357 421 3420 sententias
436 3374 454 3416 e
470 3353 620 3413 Lucretio
637 3353 801 3413 Maronem
820 3348 971 3409 hausisse
986 3364 1078 3406 uerno
1094 3345 1228 3427 ignorat.
1260 3343 1382 3405 Verum

136 3471 220 3533 enirn
236 3486 315 3528 vero
335 3466 363 3526 si
379 3463 460 3524 haec
478 3460 580 3521 omnia
598 3459 681 3519 iusta
697 3456 786 3517 lance
806 3452 1074 3534 perpenderimus,
1099 3444 1260 3512 fatendum
1277 3460 1382 3512 tamen

138 3578 209 3660 erit,
235 3583 368 3655 poetam
385 3591 427 3632 ex
448 3566 577 3648 Epicuri
599 3552 741 3627 doctrina
762 3563 813 3625 hic
834 3563 895 3622 illic
916 3561 1020 3642 aliqua
1041 3560 1173 3634 libasse,
1209 3559 1382 3639 temporis-

138 3704 200 3767 que
228 3685 309 3746 iltius
344 3683 428 3744 devia
460 3679 616 3763 quaedam
647 3677 840 3736 monimenta
867 3680 1006 3746 restare,
1041 3666 1156 3749 quibus
1189 3666 1221 3728 in
1254 3665 1382 3747 Epicuri

137 3793 238 3857 hortis
260 3788 492 3853 demorabatur.
534 3787 642 3851 Poeta
659 3785 727 3863 ipsa
750 3781 865 3844 fatetur
889 3777 953 3879 Cir.
976 3777 1062 3839 init:

386 3897 444 3956 Me
465 3899 552 3956 cario
572 3898 726 3955 iactatum
746 3890 852 3951 lnodta
874 3904 980 3947 amore

192 3984 196 3994 ¹
219 4009 385 4084 Inritoooe
407 4010 575 4080 expertum
592 4000 725 4080 faltonis
743 3999 885 4075 praemia
908 3993 993 4069 oolqi
1029 4047 1032 4053 .

222 4116 395 4190 Cecropius
414 4113 525 4171 auceia
547 4113 719 4184 exspirans
741 4104 889 4165 hortulus
911 4120 1010 4162 notros

221 4222 384 4284 Florentia
406 4219 500 4279 uiridi
518 4216 659 4294 Sophiae
681 4213 895 4286 complectitur
916 4210 1037 4273 umbro.

138 4355 242 4417 Multo
265 4351 416 4414 maiorum
438 4359 542 4411 tamen
564 4365 656 4430 quarn
668 4343 808 4405 btrcretii
828 4343 859 4401 in
871 4312 1049 4422 Vergilium
1066 4341 1184 4403 dinuii
1204 4341 1300 4404 lectio
1317 4340 1382 4402 vim

140 4463 264 4524 videtur
285 4463 488 4544 exercuisse,
525 4473 622 4540 atque
647 4457 700 4539 qni
721 4453 864 4537 argutior
887 4452 960 4526 erit,
988 4449 1261 4531 philosophemata
1280 4465 1382 4528 quae·

137 4571 214 4637 daur
235 4571 513 4654 Pythagorica
543 4586 585 4629 ex
605 4566 667 4627 hoc
688 4566 720 4626 in
741 4564 845 4643 ipsum
866 4557 1062 4622 redundasse
1084 4557 1238 4620 coniiciat.
1280 4555 1380 4621 Modo

138 4682 215 4747 iliud
235 4682 339 4764 magia
359 4687 532 4752 constaret,
552 4677 687 4739 Ennium
704 4675 910 4756 Pythagorae
929 4669 1079 4754 dogmata
1097 4666 1278 4748 amplexum
1297 4684 1383 4730 esse.

139 4790 212 4863 Sed
231 4790 295 4854 hoc
314 4788 399 4853 illins
418 4786 478 4850 erit
498 4785 552 4849 vet
572 4781 787 4859 demonstrare
809 4779 862 4845 vat
884 4796 1025 4867 negare,
1054 4774 1108 4859 qui
1132 4774 1171 4839 de
1191 4773 1383 4843 doctriua
