3022 5234
611 296 623 329 .·
640 234 697 296 De
717 237 874 317 populo.
1334 236 1376 302 25

127 418 249 482 batam
284 416 389 479 Huius
409 414 522 478 indolis
544 411 616 477 'nou
644 419 747 479 solum
768 421 929 480 orationes
948 423 1051 480 testes
1072 425 1146 481 sulit
1162 418 1320 483 -lunebres
1342 422 1373 484 ia
1398 384 1402 393 1

128 526 264 608 gloriam
286 525 440 587 maiorum
459 521 598 604 habitae,
619 522 678 584 serl
695 525 793 607 longa
813 528 986 607 praecipue
1006 521 1137 588 avorum
1154 532 1270 612 series,
1290 547 1375 610 quo-

126 652 195 695 rum
215 633 371 714 imagines
392 638 520 694 ceratas
540 630 573 692 in
593 629 673 693 atrio
694 631 876 693 servabant.
926 629 1112 694 Secundum
1132 634 1304 717 vestigium
1325 646 1376 699 est

124 739 305 817 .x11,51tt:
405 753 409 762 ‘

123 894 126 899 ·
210 848 511 926 Areadapiecoeae
531 851 587 909 eui
607 852 730 910 circum
747 849 883 926 fiumina
903 845 1033 908 Lernae

124 991 129 1000 ·
209 955 279 1018 Are
296 958 410 1035 fuerat
425 975 612 1036 pauperque
632 958 756 1037 domuc,
779 974 838 1016 uec
859 962 934 1016 uota
953 965 1158 1034 potentum

210 1065 410 1141 Munera,
431 1068 650 1145 conductaque
667 1071 761 1144 pater
781 1064 1062 1126 tellure.eerebat.'

128 1190 189 1250 quo
210 1180 308 1251 poeta
329 1190 501 1253 pauperem
523 1171 628 1233 civem
652 1169 806 1252 delineat,
844 1170 897 1231 eui
923 1191 1058 1233 munera
1083 1179 1245 1252 potentum
1271 1174 1377 1240 adbuc

128 1281 190 1342 sint
214 1281 384 1364 incognita.
427 1280 613 1343 Posteriora
635 1279 771 1343 Servius
793 1279 875 1342 falso
899 1281 1052 1360 explieat:
1083 1279 1273 1363 „obsequia,
1295 1302 1378 1366 quae

128 1406 287 1469 pauperes
308 1388 461 1451 divitibus
482 1389 554 1450 loco
577 1407 740 1451 munerum
760 1381 925 1451 solvunt.“
962 1387 1069 1450 Primo
1091 1388 1174 1451 enim
1197 1390 1378 1455 observan-

131 1497 204 1559 dum
228 1505 291 1569 est,
317 1497 483 1558 Maronem
505 1495 667 1577 indignum
687 1495 804 1576 aliquid
824 1502 945 1569 notare,
971 1495 1056 1576 quod
1076 1497 1159 1558 civis
1180 1497 1233 1560 ille
1254 1499 1379 1563 medio-

130 1605 173 1666 cri
192 1608 264 1667 loeo
286 1613 380 1667 natus
398 1601 538 1664 nondum
559 1604 591 1664 in
612 1621 651 1664 se
671 1602 872 1666 commiserit.
917 1602 1095 1682 Pauperem
1124 1623 1204 1685 vero
1228 1608 1380 1691 obsequia

131 1713 233 1776 ditiori
256 1721 439 1793 praestare,
479 1710 595 1773 nubam
623 1729 680 1792 per
707 1725 745 1772 se
772 1710 803 1772 in
824 1709 1029 1792 praebentem
1057 1715 1279 1778 contumeliam
1301 1738 1381 1784 con-

130 1821 241 1901 trabit,
271 1819 384 1883 deinde
405 1839 520 1882 revera
542 1829 674 1882 mrrnera
696 1818 767 1901 dat,
803 1839 899 1902 quum
927 1840 1040 1906 agrum
1067 1822 1259 1889 conductum
1282 1828 1378 1913 colat,

131 1926 271 2025 domino¹
287 1928 390 2023 igitur
409 1927 497 1988 fundi
525 1929 692 2009 pecuniam
721 1929 776 1990 vel
802 1928 915 2010 fruges
944 1928 1073 1991 solvere
1093 1928 1197 2012 ipsum
1219 1944 1381 2017 oporteat3

130 2036 268 2118 denique
289 2054 422 2099 munera
442 2056 504 2098 non
527 2044 602 2098 sunt
624 2036 779 2117 obsequia
800 2036 871 2098 loco
894 2055 1078 2119 munerum,
1111 2036 1169 2100 sed
1192 2039 1284 2104 dona.
1328 2043 1382 2108 cf.

130 2149 213 2208 Aen.
237 2147 264 2226 l,
293 2143 364 2207 636.
389 2145 464 2207 Vll.
494 2142 566 2206 244.
597 2147 766 2207 Potentem
786 2164 920 2207 marcere
948 2163 1027 2227 ergo
1048 2143 1132 2209 dona
1154 2167 1174 2210 a
1196 2150 1380 2231 potentibus

130 2255 205 2318 data
220 2255 417 2336 'pauperibus
434 2242 628 2338 significant.
671 2253 787 2336 'l'angit
807 2262 913 2335 poeta,
936 2261 970 2315 ut
991 2255 1090 2317 verbo
1113 2253 1225 2341 dicam,
1249 2269 1378 2343 tempo.

130 2381 197 2424 mm
226 2380 356 2425 suorum
384 2364 573 2444 nequitiam,
604 2383 682 2445 qua,
719 2365 773 2444 qui
799 2367 1018 2444 magistratum
1046 2371 1136 2426 erant
1164 2363 1292 2444 petituri
1319 2368 1375 2430 vel

125 2453 227 2533 ¹aliam
255 2471 295 2533 ob
324 2488 457 2533 causam
488 2470 571 2551 plebi
601 2469 776 2545 adulatori,
811 2469 998 2531 immensam
1030 2477 1063 2531 et
1088 2472 1172 2531 aeris
1205 2477 1238 2531 et
1265 2470 1381 2550 publici

130 2578 272 2640 muneris
293 2578 416 2661 copiam
438 2576 659 2658 profuderunt,
682 2595 783 2658 eaque
805 2580 929 2637 ratione
948 2593 1055 2636 mores
1073 2575 1190 2638 civium
1207 2594 1382 2658 pauperum

130 2685 161 2748 in
182 2684 253 2746 dies
273 2691 487 2766 corruperunt.
530 2683 619 2746 'l'alis
640 2685 839 2764 eorruptelae
858 2683 1000 2765 piscator
1020 2685 1074 2745 ille
1095 2681 1232 2745 nondum
1249 2701 1382 2768 compos

131 2792 239 2854 iactus
262 2799 339 2856 erat.
382 2792 526 2853 'l'ertium
550 2799 601 2852 est
615 2793 648 2852 io
667 2790 911 2872 comparatione,
932 2790 1027 2872 idque
1045 2791 1212 2856 enucleate
1231 2793 1382 2880 ostendit,

130 2908 327 2982 quantopere
347 2898 537 2979 Vergiliana
559 2895 599 2959 ab
622 2896 793 2960 Homerica
821 2895 960 2973 differat,
994 2894 1216 2982 argumentum
1244 2902 1382 2967 nondum

132 3011 214 3073 satis
237 3008 443 3088 explicatum,
465 3006 493 3084 l,
516 3004 593 3066 148:
1176 3008 1180 3015 '

218 3119 270 3180 Ac
290 3117 391 3178 aelecti
408 3131 523 3190 maone
544 3116 579 3172 io
597 3111 714 3190 populo
736 3130 807 3172 cam
828 3129 924 3188 caepe
944 3111 1110 3171 cobortaet

216 3224 347 3296 sedan,
371 3223 535 3300 euenitque
556 3222 673 3279 animia
694 3217 829 3295 ipuobile
849 3217 980 3296 colpua5
1019 3226 1022 3231 ’

122 3344 128 3353 ·
216 3334 349 3410 Iamque
361 3334 455 3411 facee
475 3336 508 3389 et
526 3348 613 3389 cama
634 3327 750 3399 nolant,
769 3328 866 3405 furor
889 3347 979 3388 arma
1000 3329 1162 3388 ministrat
1168 3349 1182 3406 ,·

223 3439 311 3519 ilem,
330 3443 449 3516 pietate
467 3457 597 3515 prooem
619 3457 657 3496 ac
676 3440 798 3497 meritia
818 3438 850 3495 ei
866 3438 952 3515 forte
973 3438 1077 3496 airum
1098 3444 1190 3515 quem

217 3543 559 3624 componerentur,
583 3545 782 3620 arrectisque
802 3543 933 3602 auribus
954 3541 1092 3601 adstant.

137 3681 244 3759 Quam
265 3678 394 3741 diversa
416 3680 497 3740 haee
519 3677 558 3740 ab
581 3678 723 3738 Homero
744 3676 779 3738 11.
800 3677 841 3749 ll,
867 3674 944 3737 144:

122 3883 128 3891 μ
217 3787 350 3885 Κινὴθη
372 3795 402 3859 δ’
424 3785 534 3883 ἀγορή,
555 3787 600 3871 ῶς
621 3785 748 3877 κύματα
768 3785 878 3882 μακρὰ
891 3783 1074 3880 θαλάσσης,

123 3912 189 3987 ‚ubi
209 3928 262 3971 res
290 3909 428 3971 bumana
457 3927 527 3970 cum
555 3914 667 3970 natura
692 3909 863 3983 confertur,
884 3905 967 3988 apud
994 3904 1176 3989 Vergilium
1198 3924 1276 3966 vero
1298 3925 1385 3968 mare

120 4037 192 4100 ‚per
222 4017 405 4097 Neptunum
434 4013 581 4077 sedatum
611 4031 685 4076 cum
714 4034 749 4075 re
779 4011 916 4096 quadam
943 4004 1054 4096 gesta!
1098 4009 1204 4090 Quam
1237 4010 1386 4075 distincte

134 4125 250 4188 deinde
276 4125 400 4208 singula
426 4122 591 4186 seditionis
614 4130 774 4185 momenta
795 4121 879 4203 apud
901 4121 1082 4208 Vergilium
1098 4121 1228 4184 lectoris
1249 4130 1324 4184 sunt
1345 4121 1386 4183 ob

136 4238 247 4299 oculos
268 4224 450 4315 proposita!
479 4231 686 4293 Perniciosae
708 4233 792 4292 enim
813 4229 909 4290 Marii
932 4230 1103 4312 Sullaeque
1126 4229 1252 4311 turbae,
1279 4232 1387 4291 notis-

119 4345 237 4421 simae
263 4342 374 4405 clades
394 4340 603 4404 Gracchanae
632 4339 704 4401 talis
732 4337 854 4418 speciei
876 4337 974 4420 probe
996 4345 1142 4420 poterant
1165 4356 1276 4400 ansam
1299 4336 1386 4398 dare.

135 4452 279 4531 Ipoobite
304 4449 417 4527 oolpua
446 4451 561 4529 quippe
587 4453 684 4527 poeta
710 4452 800 4508 notat
820 4443 947 4528 plebem
966 4446 1052 4508 nullo
1074 4445 1227 4509 maiorum
1246 4443 1387 4527 nomine,

121 4540 233 4622 ¹nullis
253 4558 445 4642 imaginibus
465 4560 633 4639 insignem.
680 4554 787 4634 Faces
816 4554 893 4616 dicit
918 4572 1063 4635 saxaque
1091 4544 1220 4633 volare,
1254 4570 1386 4633 quorum

125 4671 315 4751 ,posteriora
336 4667 448 4730 saltem
469 4685 490 4728 a
510 4663 684 4727 Plutarcho
705 4660 774 4724 Tib.
803 4660 942 4725 Graoch.
971 4661 1019 4723 19.
1048 4665 1281 4722 memorantur:
1316 4653 1388 4720 Τῶν

137 4772 168 4837 cl*
190 4765 297 4838 ἄλλων
316 4759 485 4839 ἀπέθανόν
510 4759 591 4855 ὑπὲρ
612 4764 816 4855 τριακοσίους
838 4756 946 4847 ξύλοις
967 4762 1021 4830 καὶ
1040 4759 1184 4838 λίθοις
1205 4761 1385 4848 συγκοπέν-
