3022 5234
130 262 194 328 274
354 239 356 243 ’
600 257 653 321 De
674 256 898 321 lunaribus.

213 445 372 520 Eloqr‘um,
395 445 491 502 tacita
509 443 631 520 format
649 441 734 518 qnod
752 439 844 499 litera
865 456 958 497 coac:
1053 436 1057 447 ’

211 553 315 612 Parve
337 550 450 618 Galea,
472 549 626 626 pecudum
648 554 755 609 castor
775 548 832 605 tibi
851 546 915 606 tale
933 549 1069 605 maenti

210 659 350 720 Funeris
371 660 509 751 officium
529 661 613 717 oilae
628 674 687 731 pro
709 673 839 714 munere
859 655 971 713 reddit.

131 765 291 829 Interdum
313 766 384 827 loco
403 783 517 828 nomen
537 761 669 824 dabatur
690 781 708 823 a
732 769 871 840 mortuo,
901 769 976 821 uta
998 760 1126 820 bibano
1147 757 1213 832 Vl,
1239 755 1330 836 234„
1353 774 1373 817 a

131 875 277 935 Palinuro
298 869 383 950 cst,
406 890 425 932 a
446 870 593 932 Rhoeteo
613 867 697 947 soz,
729 887 749 928 a
777 866 893 929 Caieta
915 868 997 940 Vll,
1028 866 1058 927 2.
1105 866 1264 926 Memoria
1294 883 1374 924 vero

130 983 242 1043 mortui
269 978 480 1060 parentalibus
508 977 658 1038 institutis
679 974 880 1037 servabatur.
924 972 975 1034 Ad
991 976 1133 1036 Aeneam
1155 992 1194 1035 ea
1216 974 1255 1034 ab
1286 972 1372 1036 Ovi-

131 1085 181 1147 dio
202 1086 292 1149 sust.
315 1085 356 1166 11,
378 1082 459 1153 543:
481 1081 671 1143 referuntur:

213 1194 307 1255 Hunc
328 1210 447 1254 morem
470 1191 608 1262 Aeneas,
632 1189 759 1267 pietatis
781 1186 914 1249 idoneus
936 1194 1058 1266 auctor,

254 1301 369 1362 Attulit
388 1301 419 1361 in
438 1308 551 1378 terras,
573 1299 655 1359 iuste
676 1299 801 1370 helina,
825 1306 908 1358 tuas.

212 1410 267 1471 llle
290 1406 388 1487 patris
408 1405 503 1487 genio
523 1404 690 1467 sollemnia
711 1403 793 1466 dona
815 1404 951 1482 ferebat3

253 1515 338 1577 Hinc
359 1512 464 1594 populi
485 1513 564 1572 ritus
585 1510 742 1573 edidicere
764 1513 844 1590 pios.

129 1626 259 1689 Revera
280 1620 455 1703 parentalia
475 1619 528 1680 illa
547 1622 580 1680 in
601 1618 753 1680 honorem
783 1618 949 1680 Anchisae
978 1620 1121 1682 instituta
1147 1637 1297 1702 magnam
1325 1623 1372 1682 ri-

128 1741 215 1793 tuum
239 1730 360 1810 copiam
383 1727 543 1790 continent
563 1727 675 1804 partim
697 1729 759 1788 iam
781 1734 995 1788 tractatorum.
1042 1730 1128 1789 lnter
1151 1728 1214 1789 alia
1240 1732 1372 1791 Aeneas

128 1838 173 1915 V,
195 1837 253 1898 79:
280 1836 528 1913 Purpureooque
547 1837 627 1894 iacit
641 1837 748 1912 flores.
792 1832 842 1894 Cf.
867 1833 924 1914 vl,
943 1833 1023 1894 884:

216 1945 261 2005 ln
284 1941 461 2002 Marcellos
480 1946 555 2001 erle.
597 1940 751 2000 Manibus
772 1943 845 1998 dole
866 1939 1095 2019 tiltentona,

161 2082 164 2086 Δ
209 2052 453 2127 Purpureos
473 2068 625 2126 spurcam
643 2048 788 2126 florea.

129 2156 200 2219 Cul.
221 2156 301 2217 396:

704 2236 767 2295 Hic
789 2244 821 2320 et
845 2238 1005 2297 acanthus

206 2347 258 2406 nt·
273 2366 347 2406 roca
365 2364 527 2422 purprrreo
547 2347 665 2403 crescit
683 2346 860 2406 rubicunda
881 2346 996 2424 colore,

207 2455 255 2515 nt
277 2455 376 2515 violae
398 2471 488 2514 onrrte
506 2471 611 2530 qenus
654 2498 660 2513 .
705 2496 712 2512 .
756 2502 763 2516 .
810 2497 817 2512 .

128 2558 248 2621 Similia
270 2560 491 2640 inscriptiones
513 2558 553 2620 de
575 2559 788 2639 parentalibus
810 2559 955 2641 probent,
979 2559 1072 2622 Orell.
1094 2556 1191 2620 4415:
1214 2556 1369 2623 ROSAS.

6 2712 8 2719 ι
126 2670 194 2731 ΕΤ.
224 2667 551 2732 Pnouvsloluus.
580 2667 678 2730 4417:
707 2669 777 2729 ΕΧ.
804 2669 978 2738 uoltum.
1001 2669 1268 2733 Houuonvm.
1289 2667 1370 2730 RE·

127 2778 246 2838 Dl'l'V.
267 2776 448 2836 NA'l'Ahl.
471 2774 575 2837 ΜΕΟ.
597 2777 663 2839 ΕΤ.
687 2776 969 2838 ΡΕΑΕΒΕΑΝΤ.
989 2777 1157 2842 Rosam.
1180 2779 1238 2841 ΙΝ.
1260 2776 1368 2840 PER·

129 2883 247 2944 Pn'uv
250 2882 328 2942 VM.
351 2882 449 2943 4418:
472 2881 543 2941 V'l'.
566 2883 637 2944 EX.
660 2883 839 2945 Ruuluv.
862 2885 961 2948 EOR.
979 2884 1192 2949 LARGlVS.
1208 2885 1369 2949 ROSAE.

129 2993 194 3054 ΕΤ.
213 2990 370 3054 ΕΒΟΑΕ.
399 2988 622 3052 PATRONO.
647 2989 745 3054 SVO.
770 2995 837 3053 ΕΤ.
859 2991 1091 3072 QVANDOQ.
1106 2995 1202 3056 ’clun
1224 2991 1366 3055 ΡΟΝΕ-

129 3099 327 3163 nnuuvu.
349 3099 445 3160 4419:
468 3098 627 3163 ESCAS.
649 3098 863 3162 ROSALES.
885 3101 952 3162 ΕΤ.
975 3101 1303 3165 VlNDIthlAhES.

211 3208 354 3290 Denique
374 3207 439 3269 ludi
462 3208 657 3270 habebantur
678 3208 841 3269 interdum.
887 3209 938 3274 cf.
961 3209 1027 3274 Cic.
1052 3210 1115 3292 leg.
1134 3211 1186 3291 ll,
1218 3208 1279 3291 24,
1310 3208 1368 3270 61:

132 3314 285 3395 „Reliqua
307 3324 381 3377 sunt
402 3317 432 3376 in
452 3334 550 3397 more,
579 3315 673 3376 sunus
694 3323 728 3376 ut
749 3315 915 3396 indicatur,
946 3315 1050 3396 siquid
1073 3315 1275 3402 ludorum,
1309 3318 1368 3380 do-

119 3423 298 3516 ·miuusque
328 3424 447 3485 funeris
478 3432 581 3485 ulatur
609 3441 747 3485 accenso
782 3440 876 3506 atque
905 3425 1099 3486 lictoribusa
1152 3424 1257 3486 Varro
1284 3425 1368 3506 apud

134 3531 305 3612 Angustia.
330 3530 368 3592 C.
390 3532 429 3592 l).
453 3532 544 3609 Vlll‚
566 3531 616 3592 26.
641 3533 695 3602 (fr.
717 3551 747 3612 p.
769 3533 856 3602 229.)
879 3539 931 3593 oet
953 3531 1043 3592 ludos
1067 3541 1295 3594 commemorat
1315 3534 1370 3595 fu·

133 3637 265 3715 nebreS,
301 3647 448 3717 tanquam
475 3636 536 3699 hoc
557 3638 598 3698 sit
619 3641 788 3699 maximum
811 3636 988 3698 divinitatis
1009 3624 1173 3718 indicium,
1204 3637 1288 3717 quod
1309 3656 1370 3697 uon

134 3746 261 3821 soleant
283 3743 345 3805 ludi
367 3745 425 3806 nisi
449 3745 624 3806 numinibus
647 3744 828 3806 celebrarat
865 3744 943 3805 lude
964 3742 1047 3825 apud
1070 3743 1246 3826 Vergilium
1269 3748 1370 3806 omnis

134 3854 185 3914 illa
206 3852 374 3931 descriptio
395 3850 535 3912 ludorum
551 3853 770 3915 Sicilianorum
793 3851 961 3912 maximam
983 3861 1103 3932 partem
1126 3870 1144 3911 a
1167 3852 1266 3913 variis
1288 3852 1369 3913 ludis

135 3957 318 4040 praesertim
352 3958 541 4019 circensibus
564 3957 687 4020 Romae
709 3957 787 4018 alias
808 3957 923 4018 habitis
945 3958 1129 4019 adumbrata
1156 3959 1224 4034 (cf.
1250 3957 1369 4044 Georg.

135 4065 270 4147 11,530.
313 4064 370 4145 111,
403 4064 449 4147 19.
472 4062 543 4125 103.
564 4063 636 4125 202.
658 4067 748 4144 cet),
771 4084 789 4125 a
811 4065 923 4145 quibus
945 4065 1034 4144 quasi
1056 4073 1295 4145 praetereuntes
1318 4068 1367 4129 lu·

137 4176 208 4238 dnm
232 4173 358 4234 Troiam
381 4172 553 4253 tangimus,
576 4172 614 4232 ab
635 4173 786 4252 Augusto
807 4171 955 4242 (Sueton.
977 4171 1046 4251 43.)
1078 4174 1216 4235 maxime
1236 4174 1369 4237 aduma-

135 4296 210 4346 tum.
252 4284 469 4343 Memorautur
501 4280 595 4340 etiam
622 4297 642 4340 a
671 4278 817 4339 Varrone
849 4279 904 4340 vit.
938 4280 973 4341 Ρ.
1005 4281 1044 4344 n.
1073 4283 1129 4342 Ill.
1156 4282 1256 4357 (Non.
1288 4301 1316 4345 s.
1337 4301 1366 4343 v.

134 4393 277 4471 Naeuia)
299 4391 337 4452 fr.
359 4409 387 4470 p.
410 4388 489 4450 247:
515 4389 580 4450 albi
603 4407 622 4450 a
643 4389 788 4464 muliere,
813 4407 894 4470 quae
915 4395 1032 4470 optima
1052 4409 1135 4454 voce
1156 4402 1263 4476 esset,
1293 4414 1367 4476 per·

135 4523 229 4584 quam
258 4501 395 4577 laudari,
430 4498 543 4560 deinde
572 4503 716 4561 neoniam
745 4499 865 4561 cantari
892 4500 1013 4562 solitam
1041 4499 1083 4562 ad
1107 4500 1201 4563 tibias
1231 4511 1264 4565 et
1289 4501 1367 4565 fides

135 4630 259 4687 mrum,
289 4610 342 4690 qui
370 4606 475 4671 ludis
502 4607 667 4668 'l'roicis
695 4609 913 4674 cursitassent.
965 4610 1056 4672 Haec
1087 4586 1207 4672 mulier
1229 4614 1368 4674 vocitata

136 4724 206 4778 ‚enm
230 4716 368 4795 praefica
389 4734 491 4795 usqne
512 4712 553 4775 ad
575 4713 726 4774 Punicum
747 4716 891 4776 bellum«

626 4837 881 4883 »ηομ-
