3022 5234
143 237 185 302 26
334 208 337 213 ⁴
622 237 677 298 De
696 232 893 297 tribubus.

140 434 206 494 ase,
226 404 352 502 oedippi
367 413 401 478 δ’
422 405 541 490 uidete.
569 417 644 479 Non
664 415 751 479 enirn
769 428 964 480 concessura
986 422 1065 490 arat,
1085 423 1121 477 nt
1135 412 1230 475 cives
1247 412 1388 478 Romani

139 525 173 588 in
192 522 379 588 montinum
398 524 511 589 armati
527 522 702 606 prodirentp
724 537 805 608 ergo
822 521 918 605 saror
937 539 1030 586 mmo
1044 526 1215 585 massot
1248 523 1387 588 sivero

139 631 173 695 in
193 631 373 696 huiusmodi
394 632 526 694 urnrmtu
547 631 596 693 vir
615 635 736 711 pietate
756 639 790 692 et
802 634 933 694 meritis
952 629 1081 714 gravis,
1115 633 1158 701 iis
1183 635 1292 713 itaque
1318 632 1389 694 vir-

142 741 279 822 tutibus,
309 757 387 822 quas
402 739 539 805 Romani
557 758 701 803 summas
721 739 918 813 iudicabant,
948 747 1078 803 ornatus
1099 741 1132 800 in
1153 738 1289 801 medium
1311 760 1390 822 pro-

143 846 243 930 cedit,
267 858 300 910 ut
322 847 447 929 Scipio,
471 846 575 928 Cato,
603 848 705 909 omnis
724 844 806 909 illino
827 853 1003 928 tempestas
1024 843 1163 910 sedatur.
1211 848 1262 910 lta
1288 865 1391 911 sena-

141 971 230 1026 tores
252 959 336 1044 apud
357 960 430 1024 biv.
452 962 502 1041 il,
531 959 581 1026 29.
601 965 742 1038 iactant,
778 973 894 1038 „unum
913 959 1044 1022 hercule
1065 959 1170 1021 virum
1190 991 1231 1006 -
1251 950 1282 1017 id
1304 957 1391 1017 enim

141 1073 213 1153 plus
235 1090 310 1134 esse
331 1091 425 1155 qnam
446 1074 610 1136 consulem
628 1074 793 1155 -qualis
817 1072 877 1153 Ap.
899 1066 1053 1159 Claudius
1081 1070 1210 1154 inerit„
1230 1074 1390 1131 momento

142 1181 297 1271 temporis
314 1179 533 1243 discussurum
553 1182 625 1244 illos
647 1189 759 1242 coetus
780 1175 920 1242 inisse.“
960 1165 963 1170 ⁴

711 1356 746 1447 p
770 1362 819 1426 ιν.

623 1494 683 1550 lie
699 1492 905 1550 tribubus·

223 1662 485 1747 Antiquissimum
495 1664 645 1745 populum
660 1663 838 1727 Romanum
857 1663 888 1726 in
904 1671 970 1728 tres
982 1663 1087 1729 tribus
1104 1681 1180 1732 esse
1193 1662 1387 1744 distinctum,

141 1777 247 1833 nanat
275 1770 388 1832 Livius
416 1772 453 1853 1,
488 1769 536 1836 13.
568 1769 719 1855 „Eodem
742 1778 885 1852 tempore
911 1781 944 1835 et
973 1769 1138 1835 centuriae
1161 1778 1226 1833 tres
1248 1771 1387 1851 equitum

140 1882 343 1960 conscriptae
366 1887 456 1960 sunt„
482 1878 684 1943 Ramnenses
704 1879 745 1942 ab
774 1878 927 1956 Romulo,
955 1879 995 1941 ab
1017 1879 1090 1940 Tito
1112 1876 1206 1939 Tatio
1227 1874 1389 1938 Titienses

137 1987 297 2069 appellati.
339 1987 499 2050 Lucerum
519 1987 654 2049 nominis
674 1995 707 2049 et
727 1987 857 2072 originis
883 2006 984 2052 causa
1010 1989 1132 2051 incerta
1162 1989 1244 2049 est.“
1297 1986 1388 2065 Quas

138 2095 239 2158 tribus
261 2082 334 2155 olim
354 2094 539 2176 suspicatus
561 2113 631 2158 sum
652 2116 672 2159 a
692 2105 788 2177 poeta
808 2095 1183 2183 signiticariVIlI,638.‚
1204 2113 1303 2178 quum
1315 2103 1389 2177 post

134 2192 328 2295 ¹Sabinarum
348 2209 470 2281 raptum
490 2219 609 2264 novum
631 2220 827 2288 consurgere
847 2203 922 2267 dicit
944 2206 1078 2269 bellum:

220 2301 450 2371 Romulidis
475 2310 651 2390 Tatioque
679 2316 752 2372 aeni
771 2311 1018 2394 &aeribusque
1040 2320 1170 2378 seceris.

134 2411 193 2483 ubi
212 2419 392 2485 Romulidis
414 2420 567 2497 Ramnes,
597 2421 690 2485 Tatio
711 2421 823 2504 Tities,
856 2415 997 2484 Curibus
1014 2423 1162 2485 Luceres
1180 2424 1388 2499 conveniant3

139 2509 200 2593 sed
224 2529 289 2593 hoo
316 2529 357 2592 de
388 2529 524 2592 Curibus
553 2530 607 2592 vel
635 2529 785 2608 Quiribus
819 2530 1016 2612 argumentis
1039 2529 1224 2597 certioribus
1260 2531 1389 2594 efficere

139 2659 273 2723 nequeo.
295 2639 452 2720 (Servius
471 2639 514 2704 ad
538 2641 668 2704 easdem
689 2643 735 2719 V,
756 2641 832 2705 560.
859 2648 927 2702 tres
948 2647 1087 2722 equitum
1110 2661 1240 2706 numero
1265 2647 1388 2701 turmae

140 2736 267 2828 refert.)
297 2748 449 2812 Tribuum
482 2750 578 2813 etiarn
604 2750 757 2812 rationem
784 2750 934 2831 Mantua,
963 2749 992 2812 si
1020 2748 1200 2832 Vergilium
1230 2749 1282 2829 X,
1315 2745 1388 2811 aut.

139 2851 300 2935 audimus,
322 2855 445 2918 habuit:
1042 2925 1047 2933 ,

222 2965 376 3044 Mantua,
399 2966 487 3024 dines
508 2967 598 3044 oois;
620 2964 681 3024 sed
697 2981 762 3024 nort
781 2983 885 3040 penna
905 2967 1049 3028 omuibus
1070 2984 1181 3029 aomo.

222 3071 314 3135 Gens
334 3073 385 3133 illi
403 3072 533 3151 trepton,
554 3071 666 3151 populi
685 3074 743 3134 aab
759 3080 857 3150 pente
877 3077 1027 3154 quaterni
1031 3094 1044 3152 ,·

219 3181 299 3257 Ipso
321 3185 416 3256 eaput
432 3179 583 3258 papeha,-
609 3180 711 3242 Tuaen
729 3182 772 3241 de
791 3183 950 3258 sanquine
969 3183 1063 3244 airas.

139 3305 292 3368 Servius:
324 3304 419 3385 ‚daia
439 3303 573 3366 Mantua
592 3311 660 3366 tres
681 3303 792 3371 babuit
810 3304 922 3385 populi
943 3304 1062 3386 tribus,
1093 3321 1179 3386 quae
1200 3310 1234 3365 et
1254 3302 1286 3365 in
1305 3320 1386 3384 qna-

136 3420 245 3476 ternas
267 3409 373 3473 curios
392 3409 632 3491 dividebantur,
669 3419 703 3472 et
722 3411 855 3494 singulis
876 3412 998 3496 singuli
1020 3412 1224 3474 Lucumones
1244 3413 1386 3490 impera·

136 3517 228 3598 bant,
267 3535 346 3598 quos
375 3520 407 3579 in
432 3525 502 3581 tota
536 3518 655 3581 Tuscia
680 3517 847 3583 duodecim
876 3519 982 3583 fuisse
1011 3518 1212 3599 manifestum
1240 3525 1307 3580 est:
1346 3534 1387 3577 ex

136 3624 254 3706 quibus
275 3641 358 3684 unus
380 3623 524 3686 omnibus
551 3632 706 3705 praeerat
755 3625 798 3686 Hi
825 3635 932 3688 autem
961 3623 1059 3686 totius
1086 3623 1228 3687 Tusciae
1260 3622 1386 3685 divisas

137 3729 296 3793 habebant
325 3732 414 3812 qnasi
441 3731 676 3813 praefecturas,
711 3729 773 3817 sed
802 3733 937 3794 omniurn
964 3733 1148 3814 populorum
1178 3729 1386 3812 principatum

139 3837 274 3899 Mantua
296 3834 515 3919 possidebat.“
543 3832 729 3899 Dubitatum
757 3845 820 3918 est,
850 3857 891 3899 an
918 3830 1124 3920 pena‘possit
1145 3838 1259 3901 tribum
1282 3839 1387 3921 signi-

137 3944 250 4012 ficare.
293 3944 365 4009 lloc
400 3945 472 4008 loco
505 3954 593 4028 puto.
646 3941 696 4009 Ut
718 3940 800 4007 enim
835 3964 855 4008 a
882 3946 1028 4030 generali
1058 3948 1111 4010 illa
1140 3946 1175 4010 vi
1206 3946 1387 4011 discedatur

140 4042 346 4136 τοῦγένους,
382 4071 464 4136 qnae
484 4052 559 4117 huic
586 4054 746 4118 vocabulo
768 4053 867 4138 inest,
897 4056 943 4118 ita
962 4064 998 4119 ut
1017 4055 1116 4137 probe
1137 4043 1244 4140 φυλήν
1263 4040 1388 4139 γενικήν

134 4146 274 4227 indicare
303 4160 466 4225 videatur:
500 4162 608 4244 populi
641 4158 791 4244 quaterni
814 4161 872 4224 sub
902 4168 1000 4246 gente
1027 4161 1140 4245 triplici
1172 4161 1213 4224 ad
1235 4163 1386 4225 maiorem

133 4267 271 4356 aliquam
300 4266 354 4334 vel
384 4273 558 4334 Tuscorum
582 4271 719 4334 nationis
739 4269 843 4355 ipsius
863 4272 918 4334 vel
940 4291 1050 4335 eorum
1070 4280 1175 4335 terrae
1196 4271 1386 4335 divisionem

131 4387 280 4464 spectent
303 4382 438 4462 oportet.
481 4374 632 4442 ceterum
657 4378 697 4441 de
718 4377 883 4443 duodecim
898 4380 1047 4442 Etruriae
1060 4379 1184 4462 populis
1200 4382 1253 4442 vel
1271 4367 1388 4463 δήμοις

128 4478 170 4550 ad
200 4505 295 4550 unum
332 4482 477 4548 omuibus
498 4483 662 4567 cognitum
681 4492 744 4557 est,
774 4493 873 4569 atque
899 4504 920 4548 a
950 4485 1093 4570 bivini,
1121 4487 1151 4548 8.
1182 4483 1224 4548 ad
1255 4485 1388 4550 lictores

127 4592 293 4660 duodecim
339 4590 491 4656 relatum:
532 4591 613 4677 „Me
651 4590 736 4657 hand
773 4595 915 4676 poenitet
945 4613 1055 4658 eorum
1087 4592 1265 4656 sententiae
1300 4611 1387 4675 esse,

128 4702 243 4786 quibus
264 4707 299 4764 et
323 4699 518 4782 apparitores
541 4709 574 4762 et
592 4699 657 4763 hoc
678 4718 783 4783 genus
801 4700 841 4764 ab
860 4697 1009 4766 Etruscis
1031 4700 1179 4776 finitimis,
1204 4696 1287 4766 nude
1308 4701 1388 4765 salla

126 4808 262 4892 curulis,
288 4807 374 4872 unde
396 4815 475 4890 toga
496 4816 664 4891 praetexta
686 4815 814 4890 sumpta
835 4816 900 4885 est,
937 4826 1101 4872 nnmerum
1130 4826 1255 4892 quoque
1285 4810 1388 4893 ipsum
