3022 5234
644 217 697 278 lle
717 214 880 301 legatis.
1323 217 1383 281 113

128 400 244 482 legatis
267 415 337 460 mos
358 407 418 461 est.
461 395 584 461 Eadem
607 406 739 461 senatus
759 397 894 461 Romani
916 397 1048 460 imitatio
1066 398 1097 459 in
1116 398 1234 486 legatis
1247 403 1380 464 Aeneae

128 527 149 570 a
169 525 248 588 rege
271 506 385 566 batino
407 506 598 587 recipiendis
622 508 698 588 Vll,
725 506 802 569 152:

218 615 299 676 Tum
319 620 411 675 aetna
434 615 584 676 Anoln'eo
599 616 787 677 'delector
807 618 918 677 ordine
938 620 977 678 nl
997 622 1085 678 omni

213 724 384 786 dentem
405 729 593 783 oratores
616 730 757 799 eupasia
778 722 822 784 nd
839 725 966 784 moerore
992 729 1078 800 reyin

212 834 268 893 Ire
287 833 384 910 inbel,
404 835 503 891 remia
524 831 642 892 velatos
662 830 813 892 Palladis
834 836 945 902 omnis,

210 946 369 1022 Donaque
381 942 472 1020 ferre
491 942 569 1019 rire,
589 957 763 1018 paremque
784 959 956 1016 eepoeeere
980 939 1122 998 Teneris.

130 1051 265 1113 batinus
287 1028 367 1111 vero
390 1047 499 1109 nuntio
522 1047 618 1119 allate
642 1045 715 1121 Vll,
738 1047 814 1108 168:

612 1155 676 1216 Ille
697 1157 783 1214 intre
807 1160 887 1214 tecta
908 1157 1017 1215 vocari

215 1266 358 1342 Inpernt,
379 1271 412 1325 et
429 1263 508 1324 aolio
529 1264 650 1322 merline
673 1263 817 1322 consedit
834 1265 929 1322 evilo
1000 1306 1003 1313 .

133 1371 185 1434 nbi
208 1352 348 1435 Servius
368 1373 512 1452 argutior
531 1346 683 1450 forta'sse,
706 1387 799 1451 quam
821 1387 940 1434 verus:
986 1368 1160 1431 „Dissentit
1188 1369 1256 1432 hoe
1269 1370 1342 1433 loeo
1364 1389 1385 1432 a

133 1478 282 1573 {lomene
302 1479 541 1542 consuetudine.
582 1479 667 1540 Nam
688 1477 788 1559 legati
808 1477 835 1538 si
855 1476 982 1558 quando
1004 1479 1154 1561 incogniti
1176 1481 1287 1542 venire
1300 1499 1385 1543 nun-

134 1590 311 1668 tutentur,
326 1586 437 1666 primo,
456 1584 532 1666 quid
549 1584 679 1662 veilent,
701 1583 742 1649 ab
765 1583 1018 1662 exploratoribus
1045 1584 1277 1667 requirebatur,
1310 1597 1385 1668 post

132 1695 176 1758 nd
197 1713 256 1757 eos
274 1692 520 1779 egrediebantur
542 1692 749 1774 magistratus
770 1692 929 1770 minores,
951 1699 984 1753 et
1006 1702 1079 1754 tune
1101 1693 1223 1755 demum
1248 1704 1380 1757 senatus

135 1811 229 1903 qxtra
251 1803 359 1865 urbem
381 1800 543 1887 postulant
563 1800 735 1884 noscebat,
757 1809 792 1862 et
810 1804 866 1876 ita,
890 1800 919 1860 si
939 1803 1045 1862 visum
1067 1799 1200 1880 fuisset,
1234 1799 1388 1862 admitte-

136 1911 258 1974 bantur.
300 1907 368 1971 Sed
389 1896 452 1970 hoe
472 1906 643 1988 prudentoe
664 1908 755 1971 taen
796 1908 943 1969 Latinum
959 1927 1104 1989 namque
1126 1927 1297 1971 memorem
1315 1907 1387 1971 vult

136 2035 213 2078 esse
234 2006 382 2098 responsi
404 2022 437 2079 et
457 2013 585 2089 avidum
607 2013 688 2076 satis
709 2013 751 2077 ad
772 2022 922 2076 externos
950 2015 1130 2097 videndos,
1164 2035 1222 2097 per
1254 2034 1337 2098 quos
1358 2016 1387 2078 ei

137 2124 380 2203 promittebatur
400 2122 570 2205 felicitas.“
615 2124 837 2205 Neque-enim
860 2128 886 2205 tl¹
901 2124 1387 2187 eonsuetudineRamarraVer·

138 2230 247 2315 gilium
270 2222 633 2323 dissentientemvideo
653 2234 786 2315 -quis
812 2223 899 2312 enim¹
916 2254 942 2296 a
973 2244 1069 2329 popta
1097 2241 1186 2295 tanta
1213 2236 1389 2293 severitate

139 2358 267 2403 omnem
293 2339 376 2425 legis
405 2341 737 2430 ususqueformulnm
769 2344 870 2402 teneri
896 2339 1093 2431 postulabit?
1121 2375 1163 2385 -
1194 2358 1297 2421 neque
1325 2359 1388 2422 quo

138 2446 275 2511 artifieio
297 2444 476 2532 Vergilium
497 2458 675 2533 errantem,
698 2456 732 2510 ut
752 2447 883 2532 adserit,
906 2447 1066 2526 defendit,
1102 2446 1178 2509 mihi
1199 2467 1386 2528 persuasum

141 2566 203 2621 est
224 2584 267 2601 -—
288 2556 332 2621 Ut
345 2550 486 2623 Aeneas
507 2566 670 2633 eentum
708 2554 750 2618 ad
776 2556 923 2618 Latinum
959 2557 1069 2638 mittit,
1104 2557 1148 2619 ita
1178 2557 1314 2620 barinus
1345 2560 1386 2620 ad

138 2648 475 2749 Aeneam-lil,330:

130 2770 131 2774 ¹
224 2754 418 2867 Praetereq,·
433 2780 489 2856 qul
507 2778 594 2838 diota
610 2779 725 2857 serant
743 2781 775 2835 el
790 2777 922 2854 foedera
940 2779 1079 2856 firment,

226 2882 392 2946 centnm
413 2892 556 2961 oratoree
575 2888 681 2962 primo
698 2878 740 2943 lle
758 2891 853 2960 pente
876 2883 1012 2946 Lolr'noe

226 2990 283 3050 Ire
291 2990 415 3075 placet,
435 2997 590 3072 pariaque
609 3011 708 3055 aaron
725 2993 934 3068 praetendere
954 3010 1070 3050 roenna.

142 3096 179 3160 Id
200 3108 320 3175 tantum
341 3104 486 3180 interest,
509 3099 593 3181 quod
615 3098 667 3161 hin
689 3097 805 3169 delecti
827 3101 1016 3177 snntprimo
1029 3099 1067 3159 de
1078 3105 1183 3174 pente,
1204 3098 1267 3160 illio
1281 3103 1390 3160 ordine

143 3208 182 3267 ab
205 3210 292 3267 omni
309 3226 377 3289 „ex
406 3208 490 3269 omni
512 3198 661 3289 qualitate
684 3206 884 3290 dignitatum,
907 3215 942 3268 ut
963 3206 1096 3268 Servius
1116 3208 1179 3288 ait,
1202 3210 1283 3289 quod
1305 3209 1390 3292 apud

144 3312 309 3375 Romanos
332 3316 362 3375 in
384 3314 541 3399 legatione
564 3315 713 3379 mittenda
737 3304 892 3398 hodieque
914 3312 1098 3380 servatur.“
1145 3317 1304 3391 Ceterum¹
1318 3325 1390 3385 ani-

142 3425 328 3486 madvertas
349 3426 499 3487 llioneum
522 3434 554 3486 et
568 3422 727 3504 vineit.
744 3433 777 3485 et
799 3427 824 3500 l,
834 3424 906 3488 521.
921 3425 1057 3485 oratoris
1073 3433 1181 3504 partes
1195 3431 1390 3509 suscepisse.
1471 3455 1474 3460 ·

144 3532 277 3596 llevera
304 3544 409 3595 autem
436 3535 563 3615 legatos
587 3544 700 3613 poetae
728 3532 758 3593 in
776 3533 883 3597 animo
912 3533 1033 3606 luisse,
1056 3533 1230 3596 luculenter
1252 3539 1391 3602 ostendit

144 3643 263 3704 dictum
286 3642 419 3702 Aeneae
437 3640 479 3702 nd
498 3640 683 3702 Evandrum
706 3620 804 3716 vlu,
829 3637 904 3702 143:

227 3752 291 3813 Hie
306 3755 415 3832 fretae
437 3771 501 3811 non
523 3753 559 3811 le
564 3757 684 3828 polee
706 3768 807 3827 neqne
826 3752 931 3826 primo
950 3765 1008 3824 ner
1029 3754 1130 3807 artene

234 3858 467 3933 Templomertlo
487 3859 536 3916 tui
551 3858 674 3934 prepter,
695 3875 754 3934 me,
778 3873 827 3913 me
847 3856 915 3930 ipae
936 3871 1100 3938 meumque

230 3967 339 4028 Olieel
360 3972 457 4042 eaput
475 3970 507 4024 el
526 3964 666 4041 orrpplen
687 3965 732 4022 ed
750 3962 862 4022 limina
880 3963 961 4019 reni.

144 4099 268 4159 Nescio
289 4115 328 4157 an
352 4115 413 4156 non
435 4098 560 4176 legatos
583 4111 710 4173 quoque
732 4091 920 4170 cogitaverit
945 4099 1037 4169 poeta
1061 4090 1160 4170 Vlll,
1184 4090 1231 4166 ll,
1255 4092 1307 4151 ubi

477 4209 634 4264 Ilnolom
657 4206 753 4278 primi
776 4199 950 4275 illeosupne
972 4205 1004 4258 el
1027 4200 1131 4278 Ufens

208 4318 491 4393 -Oontemptorqne
512 4317 605 4373 eleum
626 4311 807 4370 Mezentius
830 4309 968 4386 undique
989 4314 1109 4384 eopunl

234 4422 383 4500 Aelnilio,
406 4429 438 4480 el
456 4421 537 4478 lnloo
560 4423 689 4476 vastent
709 4415 880 4475 cultoribus
902 4434 1007 4489 opnor.

229 4532 414 4593 Mittitur
437 4537 469 4589 el
487 4531 598 4603 mnym'
622 4526 765 4586 Venatus
787 4526 948 4585 Diomedis
969 4525 1012 4583 nd
1030 4526 1146 4593 urbem,
1235 4554 1237 4558 ·

234 4640 298 4716 θαι·
315 4648 405 4718 petat
425 4638 594 4698 armiliam.

126 4772 280 4836 ·Certnm
303 4781 354 4831 est
377 4738 442 4846 Xl,
469 4768 545 4828 100:

200 4906 280 4944 Lernen
294 4903 427 4950 antiquitates
440 4901 581 4949 Vergiliana.
