3022 5234
190 246 231 305 ct
362 245 369 257 '
570 240 772 303 Dolorica
794 239 1041 302 aethereae.

191 424 298 487 bulum
320 445 361 487 ex
383 424 486 486 anulis
506 422 612 485 terrea
634 421 769 486 tunicam
792 423 909 484 [iorica
929 421 1038 502 itaque
1062 439 1102 482 eo
1124 439 1144 483 a
1166 418 1298 483 thorace
1318 421 1438 503 differt,

192 532 277 615 quad
298 532 351 594 illa
372 550 500 612 semper
523 529 633 611 parvis
654 527 778 591 laminis
788 530 843 591 vel
863 529 966 591 anulis
989 535 1041 590 est
1064 544 1223 608 connexa,
1240 528 1291 591 hic
1310 529 1438 610 integro

190 640 319 703 metallo
340 647 391 701 est
410 639 513 702 lusus.
556 637 677 699 Variae
698 635 806 718 itaque
833 645 907 698 suut
932 636 1098 698 loricarum
1122 652 1258 716 genera,
1287 644 1321 697 ut
1342 634 1441 718 plu-

190 756 304 810 mata.
328 747 468 809 lustinus
490 746 617 827 XLLQ.
626 746 666 807 de
676 745 817 825 Parthis,
839 763 921 827 quas
934 746 1094 807 Antonius
1116 743 1303 827 debellavit,
1315 753 1439 806 narrat:

193 857 445 917 „Munimentum
478 855 556 936 ipsis
588 859 767 937 equisque
797 854 956 915 loricae
994 853 1199 934 plumatae
1228 862 1323 934 sunt,
1356 872 1438 935 quae

192 969 361 1043 utrumque
383 970 450 1024 toto
474 981 607 1042 corpore
629 968 771 1045 legunto
796 960 921 1041 Quibus
943 959 1174 1042 comparandus
1196 969 1247 1022 est
1268 960 1435 1043 Phrygius

191 1072 244 1134 ille
266 1071 424 1134 Chloreus
445 1071 530 1153 apud
550 1071 731 1155 Vergilium
751 1072 811 1154 x1‚
833 1072 913 1134 77οε

273 1179 545 1261 Spumantemque
565 1183 705 1258 epitalat
726 1202 798 1243 cca
809 1202 850 1255 m,
875 1202 967 1263 quem
985 1183 1080 1261 pellis
1100 1187 1191 1244 aenis

274 1291 321 1350 In
339 1288 511 1367 plumam
532 1293 675 1367 squamis
695 1308 774 1349 auro
795 1297 942 1351 conserta
963 1293 1092 1369 tepebat.

192 1394 344 1461 Servius:
368 1393 639 1475 „cataphractum
669 1413 741 1457 eum
769 1395 872 1458 fuisse
900 1397 1070 1480 significat.
1093 1396 1303 1478 cataphracti
1331 1403 1437 1458 autom

189 1501 316 1584 equites
339 1501 494 1586 dicuutur,
518 1505 571 1586 qui
594 1512 626 1565 et
649 1504 708 1584 ipsi
729 1504 815 1566 ferro
854 1506 963 1567 muniti
994 1514 1070 1567 sunt
1099 1515 1131 1568 et
1159 1523 1260 1587 equos
1292 1502 1437 1566 similiter

189 1615 330 1674 munitos
351 1611 480 1695 habent,
504 1612 544 1674 de
568 1612 678 1693 quibus
707 1613 885 1674 Salustius:
905 1613 1006 1694 Equis
1019 1615 1313 1694 pariaopcrimenta
1334 1619 1436 1692 erant,

164 1790 168 1797 .
191 1733 273 1797 quac
294 1716 391 1778 lintea
411 1718 524 1780 ferreis
542 1721 665 1781 laminis
687 1719 723 1780 in
745 1718 897 1782 modum
918 1721 1078 1801 plumae
1101 1721 1347 1784 adriexuemnm
1371 1720 1440 1783 Sed

191 1843 234 1887 ox
254 1825 306 1886 illo
327 1826 397 1905 ipso
420 1827 565 1888 Maronis
586 1827 656 1888 loco
678 1825 814 1888 eflicitur
834 1825 947 1888 deinde
970 1838 1196 1908 squamata.
1235 1830 1332 1892 Pellir
1355 1828 1437 1891 enim

191 1934 284 1994 aenis
306 1933 448 2014 squamis
467 1951 546 1994 auro
570 1940 719 1995 conserta
741 1940 819 1994 erat.
843 1931 892 1994 Cf.
914 1934 976 2010 lX,
997 1933 1078 1998 707:

273 2043 342 2101 Nec
363 2041 523 2120 duplici
543 2062 713 2122 squama
734 2043 868 2102 lorica
886 2042 991 2122 fidelia
1012 2050 1045 2104 et
1063 2063 1142 2103 auro

275 2147 446 2211 Sustinuit.

190 2254 245 2319 ubi
267 2257 404 2320 Servius
425 2264 527 2318 reete:
551 2256 588 2317 ni.
611 2276 638 2317 e.
663 2256 839 2338 duplicibus
867 2257 1009 2341 squamis
1032 2255 1166 2318 aureism
1210 2255 1304 2335 Quod
1325 2255 1438 2318 deinde

192 2363 293 2428 addit:
315 2367 499 2448 ”Squamae
521 2374 629 2428 autem
651 2374 728 2428 sunt
742 2366 910 2429 loricarum
937 2377 1072 2430 catenae
1093 2367 1124 2427 in
1141 2365 1268 2428 modum
1283 2383 1438 2445 squamae

192 2460 420 2554 compositae«
443 2494 510 2536 rem
530 2492 593 2536 noa
616 2491 677 2536 acu
702 2476 852 2557 tetigisse
873 2474 1008 2541 videtur.
1045 2476 1206 2557 Squamae
1227 2473 1334 2555 potius
1364 2480 1439 2534 sunt

190 2580 348 2663 lamellae,
370 2581 415 2642 ita
434 2582 600 2662 formatae,
618 2580 727 2661 quales
749 2582 880 2661 piscium
904 2584 958 2644 vel
976 2582 1128 2666 anguium
1146 2598 1222 2642 esse
1244 2582 1360 2642 solent.
1390 2580 1440 2644 Cf.

191 2687 279 2754 Geli.
302 2692 344 2772 ll,
365 2692 395 2752 6.
417 2690 529 2752 'l'alem
551 2687 705 2768 duplicem
721 2706 924 2771 squamarum
948 2691 1003 2752 vel
1024 2691 1129 2772 patius
1152 2690 1334 2751 catellorum
1358 2696 1435 2750 tex·

152 2873 153 2876 q
192 2807 294 2863 turam
311 2795 490 2877 significare
519 2794 646 2859 videtur
673 2805 771 2878 poeta
803 2798 974 2883 X11,375.
1001 2816 1182 2862 memorans
1212 2797 1369 2858 bilicem
1390 2797 1439 2857 lo-

171 2910 305 2988 sicam,
321 2905 379 2968 -cui
401 2903 560 2989 adiungas
582 2904 659 2987 vn,
680 2902 761 2967 639:
782 2962 786 2969 l

593 3011 799 3093 Clipeumque
820 3034 961 3095 auroque
982 3015 1166 3076 trilicem

272 3123 471 3203 Loricam.

189 3233 311 3313 (Quam
333 3251 395 3294 uon
416 3230 633 3293 linteamesse
655 3249 764 3312 posse,
787 3251 828 3293 ex
849 3250 926 3294 auro
944 3232 1070 3296 adiecto
1090 3234 1201 3308 vides]
1224 3234 1336 3317 still,
1359 3230 1435 3296 467:

272 3343 464 3405 Loricam
484 3346 663 3399 consertam
684 3340 789 3400 damis
810 3359 950 3419 auroque
971 3341 1162 3408 trilicem.

191 3450 245 3514 ubi
269 3451 422 3514 Servius:
449 3447 583 3509 »Hamis
605 3457 711 3510 autem
736 3448 857 3510 catenis
878 3448 1068 3528 significata
1091 3450 1135 3532 V,
1157 3449 1234 3512 259:

270 3559 409 3624 Leeilue
430 3561 506 3621 leuia
529 3560 656 3621 damis
678 3565 855 3620 consertam
875 3578 1015 3639 auroque
1036 3560 1215 3622 trilicem
1306 3582 1308 3586 ⁴

274 3668 438 3733 Loricam.'

190 3771 267 3834 Huc
287 3791 415 3858 quoque
437 3775 598 3857 pertinere
618 3776 745 3839 videtur
766 3778 810 3854 X,
832 3775 913 3854 313„
935 3777 989 3840 ubi
1012 3778 1142 3839 Aeneas
1166 3777 1304 3838 'l'heroni

718 3885 835 3948 Gladio
855 3906 975 3966 perque
996 3907 1116 3947 aerea
1138 3891 1249 3968 suta,

273 3991 339 4052 Per
359 3995 499 4054 tunicam
520 3994 716 4075 squalentem
738 4012 826 4067 auro,
852 3993 938 4053 latus
961 3994 1071 4054 hausit
1089 4001 1245 4071 apertum.

190 4094 340 4159 Servius:
364 4098 541 4161 ”Punicam
562 4101 758 4180 squalentem
778 4099 1002 4180 splendentem
1025 4101 1187 4162 loricamur
1230 4100 1324 4180 Quae
1346 4118 1440 4184 quum

190 4208 235 4270 ita
255 4207 330 4286 sint,
351 4208 426 4290 quid
446 4226 660 4272 memoremus
683 4210 774 4294 Vlll,
796 4209 867 4271 621.
890 4211 1024 4272 Aeneae

519 4316 708 4379 Loricam
731 4338 776 4380 ea
796 4338 870 4379 aere
890 4322 1043 4396 riqentem

274 4422 494 4501 Sanquineam
516 4427 700 4503 inqentem?

189 4557 236 4619 At
257 4558 353 4618 'lurni
375 4564 565 4620 armaturam
587 4578 692 4620 nonne
713 4559 861 4621 miremur
882 4559 958 4640 ΧΠ,
979 4558 1039 4624 87:

270 4667 346 4745 [pse
366 4666 483 4726 deliine
504 4686 584 4728 auro
605 4667 802 4747 squalentem
824 4669 955 4750 alboque
974 4670 1134 4732 orichalco

265 4774 464 4855 'circumdat
483 4773 650 4836 loricam
671 4780 801 4837 timeris.
