3022 5234
158 214 202 274 90
401 214 459 275 lle
479 215 605 281 funda
627 215 926 299 glandibusque
947 220 1156 300 plumbeis.

240 398 429 458 Stridentem
446 402 614 478 fundam
631 405 745 479 paritis
764 401 946 463 Mezentius
969 404 1072 464 baetis

240 510 315 584 ipre
336 516 397 569 ter
420 511 552 570 adducto
574 515 693 571 eireum
714 518 814 590 eaput
833 519 900 587 eqit
918 515 1050 586 bobeno,

235 618 285 676 Et
303 619 404 676 media
428 618 554 677 adoerei
571 619 738 697 liquefacto
761 626 901 697 tempora
920 621 1048 698 plumbo

238 724 366 799 Dissuta
384 743 423 782 aa
444 724 543 784 muita
562 731 743 799 porrectum
765 729 909 786 retendit
929 729 1062 791 bareua.

155 827 257 905 Quem
280 848 443 890 numerum
474 839 507 890 ut
533 829 693 911 explices,
725 850 787 892 non
816 833 1013 913 arripiendus
1041 843 1092 897 est
1113 836 1292 898 Balearium
1315 856 1395 913 mos,

154 955 283 1016 quorum
308 943 390 996 teste
412 936 507 996 Floro
528 937 594 1015 ΙΙΙ,
615 939 652 1000 8:
673 937 792 999 utribus
815 941 949 1019 quisque
971 941 1075 1002 fundis
1097 939 1317 1023 proeliatur‚“
1338 944 1396 1006 sed

155 1042 283 1123 Vergilii
304 1044 480 1124 spectanda
503 1045 722 1126 consuetodo,
745 1050 812 1130 qui,
842 1067 924 1131 quae
946 1051 1126 1111 vehementi
1154 1053 1223 1111 inlu
1245 1051 1314 1115 fieri
1344 1053 1394 1114 vel

153 1155 226 1215 ferri
247 1154 483 1238 significaturus
507 1165 574 1238 est,
597 1164 687 1219 terno
710 1158 828 1237 impetu
849 1160 957 1239 perfici
980 1161 1033 1221 ait.
1076 1161 1163 1223 Audi
1176 1148 1217 1239 l,
1242 1162 1317 1226 116:

709 1264 774 1326 Art
792 1265 880 1324 illam
902 1272 963 1325 ter
979 1271 1101 1346 fluetus
1122 1270 1235 1329 ibidem

240 1371 374 1451 Torquet
393 1372 492 1449 nqeue
514 1377 636 1433 cirrum
656 1380 688 1433 et
707 1374 841 1450 rapidus
861 1381 952 1435 uorat
972 1396 1109 1454 aequore
1130 1383 1250 1437 uerter.

152 1480 293 1542 Achilles
316 1480 347 1560 l,
369 1477 451 1539 4832·

238 1589 296 1648 Ter
322 1593 441 1649 cirrum
467 1589 583 1648 Itiaeoe
604 1595 786 1665 raptaverat
805 1589 944 1648 Hectora
965 1609 1083 1649 muros.

149 1696 231 1776 apud
254 1699 426 1758 Homerum
449 1696 549 1756 semel
570 1704 699 1757 tuntum.
737 1695 788 1755 Ad
812 1694 955 1775 Scyllam
979 1704 1011 1756 et
1029 1693 1223 1778 Charybdim
1239 1696 1299 1777 ΙΙΙ,
1315 1695 1390 1756 421:

488 1805 557 1863 Imo
578 1803 724 1862 barathri
743 1810 804 1862 ter
824 1809 952 1881 qurqite
973 1811 1079 1864 raetos

232 1914 346 1976 Sorbet
363 1916 397 1972 iu
419 1914 586 1989 abruptum
604 1916 733 2003 (tuetur,

148 2021 231 2082 Dido
253 2022 402 2082 moritura
424 2020 485 2098 lV,
508 2019 588 2082 690:

237 2132 308 2191 Ter
330 2150 401 2190 eeee
421 2131 568 2190 attollere
590 2132 751 2209 cubitoque
772 2132 895 2190 adoino
916 2129 1036 2219 leuauit.

146 2241 305 2302 Hercules
325 2239 424 2320 vu1,
444 2218 522 2300 eno:

601 2323 674 2382 Ter
696 2329 792 2382 totum
812 2323 957 2400 sarritur
981 2325 1031 2380 ira

227 2429 367 2492 Lustrat
385 2429 538 2491 Auentini
556 2439 699 2505 montem,
723 2438 785 2491 ter
804 2451 907 2491 ramea
927 2436 1057 2531 temptat

228 2539 357 2600 Limina
378 2542 581 2619 nequiquam,
604 2546 665 2599 ter
683 2542 794 2616 fernus
815 2538 897 2598 rotie
917 2539 1042 2600 resedit.

144 2653 271 2713 'l'urnus
293 2650 343 2729 X,
368 2647 446 2709 685:

230 2758 304 2817 Ter
325 2761 458 2815 conatur
479 2760 646 2832 utramque
663 2756 757 2826 riam,
781 2760 839 2812 ter
859 2772 1011 2813 maeuma
1039 2755 1121 2814 Iuno

225 2856 397 2926 continuit.

142 2972 304 3035 Differ'unt
323 2952 417 3053 igitur
440 2970 471 3030 in
492 2970 544 3030 illo
566 2969 644 3031 artis
668 2976 826 3029 momento
847 2968 1008 3050 vegetius
1030 2970 1271 3053 Vergiliusque,
1300 2971 1385 3055 quod

136 3083 231 3144 'alter'
243 3097 306 3142 una
326 3086 447 3140 tantum
468 3077 625 3139 rotatione
647 3083 789 3157 peracte,
812 3075 924 3156 triplici
939 3078 1017 3138 alter
1032 3076 1148 3139 fundae
1163 3078 1259 3141 iatum
1281 3079 1384 3140 velie-
1448 3066 1452 3087 ¹

140 3178 324 3251 mentionem
357 3186 475 3248 habuit.
516 3185 637 3249 Verum
667 3203 728 3245 non
757 3183 879 3265 lapides
911 3186 1032 3267 solum,
1076 3187 1171 3248 immo
1206 3182 1384 3268 glandes

140 3288 366 3377 'plumbeae
394 3293 451 3354 tali
472 3293 684 3353 instrumento
705 3293 738 3352 in
759 3290 882 3352 hostem
920 3292 1100 3359 tunduntur.
1143 3291 1252 3372 Quid?
1284 3298 1388 3359 Poeta

139 3410 280 3465 nostram
301 3419 367 3463 rem
388 3399 576 3480 militarem,
604 3397 739 3479 glandes
760 3397 912 3483 igniferas
938 3397 1050 3464 noviti
1103 3401 1191 3462 Talis
1212 3399 1281 3464 fere
1302 3421 1383 3486 spe·

138 3511 206 3572 aies
227 3526 307 3570 sane
330 3506 404 3582 Vll,
425 3506 496 3568 687.
539 3505 788 3586 Anagninorum,
810 3505 940 3567 aliorum
963 3507 1121 3586 oboritur,
1146 3507 1258 3587 quibus

220 3618 290 3679 Nee
312 3615 406 3691 clipei
426 3633 580 3674 eurrusoe
601 3618 735 3689 rouaut,·
753 3632 835 3690 pare
856 3628 1011 3675 maxuma
1028 3615 1164 3690 qtandee

220 3723 412 3784 Liuentis
429 3722 586 3799 plumbi
605 3726 737 3799 spargit.

137 3829 295 3898 Mezentii
317 3829 381 3911 lx,
403 3826 493 3907 588„
522 3829 573 3906 qui

219 3939 268 4000 la
286 3937 388 3995 media
410 3937 537 3996 aduersi
558 3934 783 4015 liquefacto
811 3944 953 4016 tempora
970 3939 1132 4019 plumbo

217 4045 351 4126 Diffidit.

128 4153 202 4223 Sed
223 4160 343 4214 remoto
364 4153 436 4214 inan
457 4170 646 4234 quaeremus
672 4157 767 4215 seria.
810 4152 895 4213 Mira
917 4169 996 4214 sane
1026 4171 1095 4227 res,
1127 4172 1250 4236 quaer
1275 4157 1382 4239 serip-

127 4266 256 4328 ¹toribus
277 4261 431 4325 Romanis
453 4267 615 4341 narratur,
645 4260 808 4340 plumbum
830 4261 980 4321 emissum
1001 4261 1046 4324 ita
1067 4261 1283 4326 effervescere
1304 4284 1382 4329 eur-

129 4369 250 4452 ·rendn,
280 4375 317 4429 ut
337 4363 494 4448 liquebat.
537 4365 709 4427 Lucretius
737 4366 799 4457 iarn
831 4376 958 4428 ventum
988 4364 1086 4449 longo
1123 4376 1229 4432 meatu
1250 4375 1382 4457 igneum

133 4477 273 4541 evadere
294 4476 339 4538 ait
360 4475 423 4553 v1‚
452 4472 533 4535 3052

213 4584 289 4649 Non
311 4583 373 4646 alia
393 4585 489 4665 longe
510 4587 646 4666 ratione,
667 4602 708 4647 ae
731 4586 926 4665 plumbea
962 4604 1063 4668 saepe

213 4690 397 4755 Fervida
418 4694 453 4755 fit
475 4695 596 4777 glans
616 4694 647 4756 in
669 4713 785 4778 eursu,
822 4715 920 4777 quum
941 4699 1040 4761 multa
1061 4697 1175 4782 rigoris

214 4799 359 4882 Corpora
387 4800 546 4865 dimittens
567 4802 675 4885 ignem
697 4804 844 4884 eoneepit
864 4805 894 4865 in
915 4807 1011 4868 auris.
