3022 5234
1388 66 1407 111 a

538 238 595 301 De
616 256 740 301 ocrea
763 259 809 304 ae
834 259 994 322 perone.
1355 246 1397 309 75
1457 276 1462 287 a

149 416 263 481 lsidor.
283 417 378 500 XIX,
399 416 455 496 30,
483 419 531 492 5.)
551 421 692 501 galerum
715 421 829 501 pileum
852 442 893 485 ex
915 424 1023 504 pelle
1046 424 1171 487 hostiae
1192 434 1310 490 caesae
1332 427 1394 490 de.

147 525 300 587 finiverit:
322 544 384 587 nou
400 524 614 606 dubitandum,
628 528 740 608 quirin
755 529 817 591 hoc
836 529 907 608 ipso
918 529 1097 595 differentia
1107 533 1221 612 galeae
1241 541 1273 594 et
1293 534 1396 616 galeri

146 640 283 705 constet,
307 631 392 714 quod
415 633 469 694 illa
491 634 691 713 potissimum
713 655 755 697 ex
778 653 863 716 aere,
887 650 1032 720 argento,
1063 657 1141 703 auro
1154 682 1164 719 ,
1193 621 1282 702 bice
1302 639 1395 721 pelli-

145 742 205 804 bus
227 750 278 803 est
299 742 475 804 confectus.
516 742 559 802 Et
578 742 648 822 ipse
669 752 764 823 poeta
785 744 825 806 de
845 744 974 825 legione
996 747 1128 828 agresti,
1149 747 1264 827 quibus
1286 767 1394 831 neque

147 847 251 930 clipei,
271 865 333 909 nec
355 840 463 909 currus
484 860 607 925 sonant,
629 852 745 932 quique
767 851 892 912 omuino
913 873 975 914 non
993 853 1077 914 iusto
1095 873 1251 916 armorum
1273 874 1393 938 genere

145 964 219 1018 snut
239 954 384 1037 praediti,
405 956 631 1033 Praenestinis,
651 954 839 1038 Anagninis,
862 959 932 1020 aliis
954 958 1030 1021 dicit
1049 961 1124 1036 Vll,
1144 961 1222 1023 688:

561 1063 744 1144 Fuluiusque
764 1066 855 1145 lupi
874 1068 919 1128 de
937 1069 1048 1146 pelle
1063 1071 1230 1146 pulcros

233 1171 368 1247 Peparen
390 1170 510 1232 babent
532 1177 637 1251 capiti.

146 1280 197 1344 De
223 1282 394 1344 iunioribus
420 1283 572 1345 militibus
592 1283 746 1347 Romanis
775 1282 794 1348 i.
817 1303 846 1344 e.
869 1283 1018 1346 velitibus
1041 1282 1196 1365 Polybius
1217 1282 1313 1346 tradit
1332 1284 1391 1360 Vl,

147 1388 199 1464 22,
218 1387 257 1451 3:
314 1391 637 1473 Προσεπικοσμεῖται
659 1385 696 1451 δέ
716 1383 771 1450 καὶ
787 1385 867 1470 λιτῷ
882 1386 1139 1475 περικεφαλαίῳ·
1158 1387 1239 1454 ποτὲ
1258 1388 1295 1454 δέ
1311 1397 1391 1455 AY·-

123 1487 319 1582 ΙΚΕΙΑΝῆ
337 1519 370 1561 τι
389 1487 616 1562 τῶντοιοένιων
627 1493 828 1577 ἐπιτίθεται,
846 1497 970 1585 σκέπης
990 1490 1059 1579 ἅμα
1073 1495 1127 1562 καὶ
1141 1497 1278 1588 σημείου
1289 1490 1393 1600 χάριν,

119 1679 121 1683 ¹
141 1594 201 1663 Ιἵνα
220 1604 292 1675 τοῖς
319 1593 403 1665 κατά
426 1599 527 1689 μέρος
545 1592 683 1689 ἡγεμόσι
701 1592 1024 1690 προσκινὸυνεύοντες
1044 1599 1245 1691 ἐρρωμένως,
1259 1603 1314 1670 καὶ
1328 1596 1388 1694 μή,

133 1697 299 1795 ,διάδηλοι
318 1707 494 1796 γίγνωνται,
535 1717 585 1778 De
606 1716 750 1779 omnibus
773 1716 920 1777 militibus
942 1715 1103 1798 Vegetius
1124 1718 1148 1792 l,
1173 1716 1233 1779 20:
1261 1718 1391 1799 „Usque

143 1819 183 1883 ad
205 1831 407 1902 praesentem
434 1841 562 1905 quoque
590 1833 728 1886 aetatem
762 1821 961 1885 consuetudo
993 1824 1182 1903 permansit,
1213 1832 1247 1886 ut
1275 1843 1386 1887 omnes

143 1929 259 1990 milites
281 1929 386 2011 pilcis,
414 1949 495 2013 quos
522 1933 723 1995 Pannonicos
751 1933 929 2009 vocabant,
958 1952 999 1993 ex
1021 1932 1192 2013 pellibus
1214 1940 1389 2015 uterentur,
1432 1917 1434 1922 ¹

144 2035 228 2118 quod
257 2045 425 2117 propterea
450 2039 654 2118 servabatur,
686 2059 725 2101 ne
759 2040 871 2123 gravis
897 2040 993 2122 galea
1017 2037 1178 2102 videretur
1207 2039 1238 2100 in
1266 2041 1388 2122 proelio

143 2143 277 2219 homini,
309 2149 363 2227 qui
391 2147 542 2230 gestabat
569 2148 688 2230 aliquid
715 2166 844 2229 semper
869 2149 901 2210 in
930 2150 1064 2229 eapite.“
1120 2147 1254 2212 Ursinus
1286 2147 1387 2228 pelles
1434 2164 1441 2184 ⁹

141 2255 304 2338 signiferis
330 2254 531 2334 potissimum
560 2254 668 2316 tribuit
692 2257 738 2331 ll,
768 2256 830 2318 20:
867 2255 1008 2319 »Omnes
1039 2264 1145 2318 autem
1175 2255 1306 2336 signarii
1333 2255 1385 2316 vel

141 2363 294 2447 signiferi,
315 2362 461 2443 quamvis
477 2360 614 2442 pedites,
635 2361 750 2425 loricas
769 2364 907 2425 minores
928 2363 1139 2447 accipiebant,
1160 2372 1193 2427 et
1211 2366 1324 2448 galeas
1344 2367 1387 2430 ad

141 2480 292 2534 terrorem
314 2471 451 2534 bostium
473 2471 588 2534 ursinis
609 2458 746 2553 pellibus
767 2480 902 2536 tectas«

704 2699 738 2790 ς.
759 2705 810 2769 ae.

221 3026 274 3091 Ad
300 3037 491 3093 armaturam
512 3031 690 3094 Romanam
723 3028 930 3112 supplendam
953 3034 1112 3112 pertinent
1134 3029 1229 3114 Lydo
1249 3029 1290 3094 de
1309 3050 1382 3095 ma·

137 3139 231 3225 gislr.
253 3141 290 3202 P.
311 3140 352 3203 lt.
367 3141 396 3217 l,
414 3138 461 3202 12.
484 3147 569 3201 teste
590 3133 822 3224 περικνημῖδές
842 3158 879 3200 τε
901 3126 1042 3222 ὑφανταὶ
1059 3135 1219 3218 μέλαιναι,
1240 3140 1377 3221 Polybio

135 3250 304 3333 v1,23‚s.
326 3243 506 3332 προκνημές
519 3243 630 3333 χαλκῆ.
652 3248 852 3328 Quapropter
864 3249 932 3310 ltali
953 3249 1037 3311 bella
1059 3251 1199 3328 paraturi
1226 3246 1375 3324 vunai:

215 3357 286 3421 Aut
302 3358 380 3418 lenis
401 3376 513 3416 ocreas
534 3357 618 3415 lento
639 3356 764 3416 ducunt
782 3360 923 3431 arpenta.

128 3463 301 3549 *cyclopes
318 3460 457 3526 Vulcani
478 3464 510 3525 iu
532 3481 624 3524 usum
646 3464 777 3523 Aeneae
798 3462 888 3536 Vlll,
909 3461 990 3523 624:

221 3574 300 3634 Pam
320 3572 397 3633 leurs
417 3590 529 3632 ocreas
550 3569 665 3631 electro
687 3586 827 3647 auroque
846 3574 981 3629 recocto.

132 3677 289 3742 Rusticus
313 3679 454 3742 Simulus
476 3678 592 3739 Moret.
618 3676 688 3737 tet.

214 3786 324 3848 Ambit
343 3806 442 3847 crura
463 3790 568 3848 ocreis
587 3787 731 3865 paribus,

130 3891 217 3974 quod
237 3892 278 3955 de
294 3895 464 3976 peronibus
492 3898 602 3957 iocose
632 3892 710 3955 dixit
740 3900 842 3974 poeta.
894 3891 969 3956 lluc
994 3891 1204 3957 advocandus
1231 3896 1373 3971 Turnus,

130 4003 187 4081 qui
206 4000 265 4077 xl,
285 4002 364 4065 488:

215 4107 374 4169 Horrebat
392 4111 536 4186 squamis
559 4124 719 4186 aurasque
738 4105 917 4167 incluserat
936 4125 1026 4171 auro.
1090 4165 1093 4171 .

124 4215 217 4295 -lapis
238 4233 363 4297 quoque
382 4217 456 4292 xli,
477 4214 560 4281 4302

216 4328 278 4387 Ille
299 4325 411 4385 aridus
428 4343 558 4404 pupione
577 4345 674 4386 surus
694 4325 874 4386 incluserat
893 4344 981 4387 auro.

132 4431 257 4496 Notatu
295 4449 374 4493 vero
404 4429 578 4512 digniores,
612 4449 705 4513 quam
728 4431 760 4492 lii
789 4432 841 4512 qui
872 4433 979 4495 aurcis
1011 4432 1237 4515 argenteisque
1268 4429 1376 4494 ocreis

136 4558 229 4605 arura
249 4556 403 4622 suasque
426 4547 550 4622 tegunt,
570 4539 591 4601 ii
608 4542 684 4601 sunt
703 4539 789 4601 lratii
809 4541 914 4621 populi
934 4538 1009 4615 Vll,
1031 4539 1113 4615 689,
1134 4540 1190 4618 qui

432 4642 435 4647 ’
466 4632 470 4639 ’
635 4647 777 4725 Vastipia
797 4649 884 4711 nuda
904 4648 1034 4708 sinistri

127 4784 132 4791 ·
215 4758 390 4847 Imtituare
407 4756 518 4838 pudis5
538 4756 658 4820 andus
672 4760 758 4836 teuit
776 4746 880 4819 ultera
896 4774 983 4835 paro.
