<?xml version="1.0" encoding="UTF-8"?>
<!DOCTYPE html PUBLIC "-//W3C//DTD XHTML 1.0 Transitional//EN"
    "http://www.w3.org/TR/xhtml1/DTD/xhtml1-transitional.dtd">
<html xmlns="http://www.w3.org/1999/xhtml" xml:lang="en" lang="en">
 <head>
  <title>
</title>
<meta http-equiv="Content-Type" content="text/html;charset=utf-8" />
  <meta name='ocr-system' content='tesseract 3.04.00' />
  <meta name='ocr-capabilities' content='ocr_page ocr_carea ocr_par ocr_line ocrx_word'/>
</head>
<body>
  <div class='ocr_page' id='page_1' title='image "./antiquitatesver00lersgoog_0287.png"; bbox 0 0 3022 5234; ppageno 0'>
   <div class='ocr_carea' id='block_1_1' title="bbox 190 266 966 341">
    <p class='ocr_par' dir='ltr' id='par_1_1' title="bbox 190 266 966 341">
     <span class='ocr_line' id='line_1_1' title="bbox 190 266 966 341; baseline -0.004 0"><span class='ocrx_word' id='word_1_1' title='bbox 190 278 253 341; x_wconf 76' lang='lat'><strong>262</strong></span> <span class='ocrx_word' id='word_1_2' title='bbox 654 267 730 334; x_wconf 70' lang='lat' dir='ltr'><strong>·D&#39;e</strong></span> <span class='ocrx_word' id='word_1_3' title='bbox 752 266 966 338; x_wconf 67' lang='lat' dir='ltr'><strong>&#39;conviviis</strong></span> 
     </span>
    </p>
   </div>
   <div class='ocr_carea' id='block_1_2' title="bbox 169 457 1437 4097">
    <p class='ocr_par' dir='ltr' id='par_1_2' title="bbox 273 457 1085 536">
     <span class='ocr_line' id='line_1_2' title="bbox 273 457 1085 536; baseline -0.002 -18"><span class='ocrx_word' id='word_1_4' title='bbox 273 460 466 519; x_wconf 78' lang='lat' dir='ltr'><strong>Irmtouront</strong></span> <span class='ocrx_word' id='word_1_5' title='bbox 483 457 595 536; x_wconf 59' lang='lat' dir='ltr'><strong>mulae</strong></span> <span class='ocrx_word' id='word_1_6' title='bbox 615 464 648 517; x_wconf 84' lang='lat' dir='ltr'><strong>et</strong></span> <span class='ocrx_word' id='word_1_7' title='bbox 666 475 793 517; x_wconf 68' lang='lat' dir='ltr'><strong>enecone</strong></span> <span class='ocrx_word' id='word_1_8' title='bbox 812 463 906 533; x_wconf 64' lang='lat' dir='ltr'><strong>orato</strong></span> <span class='ocrx_word' id='word_1_9' title='bbox 926 459 1085 517; x_wconf 76' lang='lat' dir='ltr'><strong>secundae</strong></span> 
     </span>
    </p>

    <p class='ocr_par' dir='ltr' id='par_1_3' title="bbox 193 564 1428 756">
     <span class='ocr_line' id='line_1_3' title="bbox 274 564 1193 646; baseline -0.007 -17"><span class='ocrx_word' id='word_1_10' title='bbox 274 570 370 629; x_wconf 84' lang='lat' dir='ltr'><strong>Dono</strong></span> <span class='ocrx_word' id='word_1_11' title='bbox 387 569 511 646; x_wconf 74' lang='lat' dir='ltr'><strong>ferunt,</strong></span> <span class='ocrx_word' id='word_1_12' title='bbox 533 564 755 644; x_wconf 78' lang='lat' dir='ltr'><strong>cumulantque</strong></span> <span class='ocrx_word' id='word_1_13' title='bbox 775 567 916 624; x_wconf 59' lang='lat' dir='ltr'><strong>onerato</strong></span> <span class='ocrx_word' id='word_1_14' title='bbox 938 564 1084 626; x_wconf 66' lang='lat' dir='ltr'><strong>mucidus</strong></span> <span class='ocrx_word' id='word_1_15' title='bbox 1106 582 1193 624; x_wconf 77' lang='lat' dir='ltr'><strong>orae.</strong></span> 
     </span>
     <span class='ocr_line' id='line_1_4' title="bbox 193 668 1428 756; baseline -0.006 -19"><span class='ocrx_word' id='word_1_16' title='bbox 193 676 249 737; x_wconf 88' lang='lat' dir='ltr'><strong>ubi</strong></span> <span class='ocrx_word' id='word_1_17' title='bbox 272 675 425 738; x_wconf 87' lang='lat' dir='ltr'><strong>Servius:</strong></span> <span class='ocrx_word' id='word_1_18' title='bbox 462 673 563 756; x_wconf 67' lang='lat' dir='ltr'><strong>aquia,</strong></span> <span class='ocrx_word' id='word_1_19' title='bbox 586 682 622 734; x_wconf 95' lang='lat' dir='ltr'><strong>ut</strong></span> <span class='ocrx_word' id='word_1_20' title='bbox 643 672 777 734; x_wconf 83' lang='lat' dir='ltr'><strong>diximus</strong></span> <span class='ocrx_word' id='word_1_21' title='bbox 799 690 894 752; x_wconf 81' lang='lat' dir='ltr'><strong>supro</strong></span> <span class='ocrx_word' id='word_1_22' title='bbox 929 672 1027 747; x_wconf 87' lang='lat' dir='ltr'><strong>(Aen.</strong></span> <span class='ocrx_word' id='word_1_23' title='bbox 1047 672 1076 752; x_wconf 92' lang='lat'><strong>1,</strong></span> <span class='ocrx_word' id='word_1_24' title='bbox 1108 669 1208 746; x_wconf 68' lang='grc'>713),</span> <span class='ocrx_word' id='word_1_25' title='bbox 1236 688 1298 733; x_wconf 82' lang='lat' dir='ltr'><strong>una</strong></span> <span class='ocrx_word' id='word_1_26' title='bbox 1326 668 1428 732; x_wconf 81' lang='lat' dir='ltr'><strong>curuis</strong></span> 
     </span>
    </p>

    <p class='ocr_par' dir='ltr' id='par_1_4' title="bbox 191 760 1428 1078">
     <span class='ocr_line' id='line_1_5' title="bbox 191 760 1428 862; baseline -0.005 -18"><span class='ocrx_word' id='word_1_27' title='bbox 191 783 306 862; x_wconf 86' lang='lat' dir='ltr'><strong>fuerat,</strong></span> <span class='ocrx_word' id='word_1_28' title='bbox 329 783 429 845; x_wconf 88' lang='lat' dir='ltr'><strong>altera</strong></span> <span class='ocrx_word' id='word_1_29' title='bbox 452 768 684 861; x_wconf 75' lang='lat' dir='ltr'><strong>pomorumu</strong></span> <span class='ocrx_word' id='word_1_30' title='bbox 705 778 864 862; x_wconf 78' lang='lat' dir='ltr'><strong>Lamprid.</strong></span> <span class='ocrx_word' id='word_1_31' title='bbox 885 780 999 841; x_wconf 81' lang='lat' dir='ltr'><strong>Seuer.</strong></span> <span class='ocrx_word' id='word_1_32' title='bbox 1022 779 1115 841; x_wconf 82' lang='lat' dir='ltr'><strong>Alex.</strong></span> <span class='ocrx_word' id='word_1_33' title='bbox 1134 760 1194 841; x_wconf 77' lang='lat'><strong>3³7:</strong></span> <span class='ocrx_word' id='word_1_34' title='bbox 1216 778 1346 841; x_wconf 82' lang='lat' dir='ltr'><strong>nPornis</strong></span> <span class='ocrx_word' id='word_1_35' title='bbox 1368 798 1428 839; x_wconf 89' lang='lat' dir='ltr'><strong>ve-</strong></span> 
     </span>
     <span class='ocr_line' id='line_1_6' title="bbox 192 887 1428 969; baseline -0.002 -20"><span class='ocrx_word' id='word_1_36' title='bbox 192 889 357 953; x_wconf 88' lang='lat' dir='ltr'><strong>hementer</strong></span> <span class='ocrx_word' id='word_1_37' title='bbox 377 888 515 960; x_wconf 82' lang='lat' dir='ltr'><strong>indulsit,</strong></span> <span class='ocrx_word' id='word_1_38' title='bbox 545 891 590 952; x_wconf 88' lang='lat' dir='ltr'><strong>ita</strong></span> <span class='ocrx_word' id='word_1_39' title='bbox 621 899 655 952; x_wconf 91' lang='lat' dir='ltr'><strong>ut</strong></span> <span class='ocrx_word' id='word_1_40' title='bbox 677 887 819 952; x_wconf 83' lang='lat' dir='ltr'><strong>secundo</strong></span> <span class='ocrx_word' id='word_1_41' title='bbox 848 907 958 950; x_wconf 82' lang='lat' dir='ltr'><strong>menso</strong></span> <span class='ocrx_word' id='word_1_42' title='bbox 987 888 1069 950; x_wconf 86' lang='lat' dir='ltr'><strong>iilius</strong></span> <span class='ocrx_word' id='word_1_43' title='bbox 1101 906 1200 969; x_wconf 82' lang='lat' dir='ltr'><strong>saepe</strong></span> <span class='ocrx_word' id='word_1_44' title='bbox 1232 895 1428 968; x_wconf 72' lang='lat' dir='ltr'><strong>porretetum</strong></span> 
     </span>
     <span class='ocr_line' id='line_1_7' title="bbox 191 996 478 1078; baseline -0.007 -16"><span class='ocrx_word' id='word_1_45' title='bbox 191 996 378 1078; x_wconf 78' lang='lat' dir='ltr'><strong>Georg.11‚</strong></span> <span class='ocrx_word' id='word_1_46' title='bbox 403 999 478 1060; x_wconf 88' lang='lat'>101:</span> 
     </span>
    </p>

    <p class='ocr_par' dir='ltr' id='par_1_5' title="bbox 273 1103 1093 1188">
     <span class='ocr_line' id='line_1_8' title="bbox 273 1103 1093 1188; baseline -0.006 -19"><span class='ocrx_word' id='word_1_47' title='bbox 273 1109 350 1169; x_wconf 80' lang='lat' dir='ltr'><strong>Non</strong></span> <span class='ocrx_word' id='word_1_48' title='bbox 370 1128 427 1184; x_wconf 65' lang='lat' dir='ltr'><strong>eoo</strong></span> <span class='ocrx_word' id='word_1_49' title='bbox 448 1116 489 1188; x_wconf 90' lang='lat' dir='ltr'><strong>te,</strong></span> <span class='ocrx_word' id='word_1_50' title='bbox 510 1110 572 1168; x_wconf 82' lang='lat' dir='ltr'><strong>Dio</strong></span> <span class='ocrx_word' id='word_1_51' title='bbox 592 1113 624 1166; x_wconf 88' lang='lat' dir='ltr'><strong>ei</strong></span> <span class='ocrx_word' id='word_1_52' title='bbox 642 1110 760 1166; x_wconf 79' lang='lat' dir='ltr'><strong>menois</strong></span> <span class='ocrx_word' id='word_1_53' title='bbox 781 1110 912 1182; x_wconf 78' lang='lat' dir='ltr'><strong>acceptu</strong></span> <span class='ocrx_word' id='word_1_54' title='bbox 932 1103 1093 1184; x_wconf 77' lang='lat' dir='ltr'><strong>secundia,</strong></span> 
     </span>
    </p>

    <p class='ocr_par' dir='ltr' id='par_1_6' title="bbox 193 1213 1431 1725">
     <span class='ocr_line' id='line_1_9' title="bbox 279 1213 1202 1291; baseline -0.002 -16"><span class='ocrx_word' id='word_1_55' title='bbox 279 1215 481 1291; x_wconf 65' lang='lat' dir='ltr'><strong>dinume-im,</strong></span> <span class='ocrx_word' id='word_1_56' title='bbox 502 1216 638 1291; x_wconf 77' lang='lat' dir='ltr'><strong>Rhodio,</strong></span> <span class='ocrx_word' id='word_1_57' title='bbox 663 1220 696 1273; x_wconf 91' lang='lat' dir='ltr'><strong>et</strong></span> <span class='ocrx_word' id='word_1_58' title='bbox 714 1215 852 1287; x_wconf 74' lang='lat' dir='ltr'><strong>tumidis,</strong></span> <span class='ocrx_word' id='word_1_59' title='bbox 877 1214 1037 1289; x_wconf 76' lang='lat' dir='ltr'><strong>Ramnete,</strong></span> <span class='ocrx_word' id='word_1_60' title='bbox 1058 1213 1202 1274; x_wconf 77' lang='lat' dir='ltr'><strong>racemis.</strong></span> 
     </span>
     <span class='ocr_line' id='line_1_10' title="bbox 193 1316 1431 1401; baseline -0.002 -18"><span class='ocrx_word' id='word_1_61' title='bbox 193 1322 245 1383; x_wconf 92' lang='lat' dir='ltr'><strong>nbi</strong></span> <span class='ocrx_word' id='word_1_62' title='bbox 267 1322 421 1386; x_wconf 83' lang='lat' dir='ltr'><strong>Servius:</strong></span> <span class='ocrx_word' id='word_1_63' title='bbox 442 1322 629 1382; x_wconf 72' lang='lat' dir='ltr'><strong>»Pomorum</strong></span> <span class='ocrx_word' id='word_1_64' title='bbox 652 1320 802 1382; x_wconf 77' lang='lat' dir='ltr'><strong>sciliceta</strong></span> <span class='ocrx_word' id='word_1_65' title='bbox 826 1320 901 1383; x_wconf 85' lang='lat' dir='ltr'><strong>Uva</strong></span> <span class='ocrx_word' id='word_1_66' title='bbox 912 1337 1047 1401; x_wconf 89' lang='lat' dir='ltr'><strong>quoque,</strong></span> <span class='ocrx_word' id='word_1_67' title='bbox 1069 1318 1133 1378; x_wconf 89' lang='lat' dir='ltr'><strong>nux</strong></span> <span class='ocrx_word' id='word_1_68' title='bbox 1152 1325 1184 1379; x_wconf 94' lang='lat' dir='ltr'><strong>et</strong></span> <span class='ocrx_word' id='word_1_69' title='bbox 1197 1318 1279 1379; x_wconf 83' lang='lat' dir='ltr'><strong>ticos</strong></span> <span class='ocrx_word' id='word_1_70' title='bbox 1300 1316 1431 1381; x_wconf 77' lang='lat' dir='ltr'><strong>adhaec</strong></span> 
     </span>
     <span class='ocr_line' id='line_1_11' title="bbox 195 1424 1430 1511; baseline -0.002 -21"><span class='ocrx_word' id='word_1_71' title='bbox 195 1429 328 1491; x_wconf 82' lang='lat' dir='ltr'><strong>bellaria</strong></span> <span class='ocrx_word' id='word_1_72' title='bbox 348 1429 546 1511; x_wconf 81' lang='lat' dir='ltr'><strong>pertinebant</strong></span> <span class='ocrx_word' id='word_1_73' title='bbox 567 1436 653 1490; x_wconf 89' lang='lat' dir='ltr'><strong>teste</strong></span> <span class='ocrx_word' id='word_1_74' title='bbox 689 1428 798 1488; x_wconf 89' lang='lat' dir='ltr'><strong>Horat.</strong></span> <span class='ocrx_word' id='word_1_75' title='bbox 830 1425 898 1488; x_wconf 82' lang='lat' dir='ltr'><strong>Sat.</strong></span> <span class='ocrx_word' id='word_1_76' title='bbox 921 1427 1016 1504; x_wconf 77' lang='lat'>11‚2,</span> <span class='ocrx_word' id='word_1_77' title='bbox 1040 1425 1122 1503; x_wconf 66' lang='lat'><strong>121„</strong></span> <span class='ocrx_word' id='word_1_78' title='bbox 1151 1425 1203 1487; x_wconf 92' lang='lat' dir='ltr'><strong>ubi</strong></span> <span class='ocrx_word' id='word_1_79' title='bbox 1224 1424 1311 1487; x_wconf 81' lang='lat' dir='ltr'><strong>Acro</strong></span> <span class='ocrx_word' id='word_1_80' title='bbox 1333 1425 1430 1505; x_wconf 87' lang='lat' dir='ltr'><strong>addit,</strong></span> 
     </span>
     <span class='ocr_line' id='line_1_12' title="bbox 195 1532 1430 1615; baseline -0.001 -19"><span class='ocrx_word' id='word_1_81' title='bbox 195 1553 339 1597; x_wconf 88' lang='lat' dir='ltr'><strong>mensam</strong></span> <span class='ocrx_word' id='word_1_82' title='bbox 361 1535 533 1598; x_wconf 89' lang='lat' dir='ltr'><strong>secundam</strong></span> <span class='ocrx_word' id='word_1_83' title='bbox 555 1536 637 1597; x_wconf 86' lang='lat' dir='ltr'><strong>illum</strong></span> <span class='ocrx_word' id='word_1_84' title='bbox 660 1552 786 1615; x_wconf 90' lang='lat' dir='ltr'><strong>quoque</strong></span> <span class='ocrx_word' id='word_1_85' title='bbox 808 1534 947 1594; x_wconf 87' lang='lat' dir='ltr'><strong>convivii</strong></span> <span class='ocrx_word' id='word_1_86' title='bbox 968 1540 1088 1613; x_wconf 84' lang='lat' dir='ltr'><strong>partem</strong></span> <span class='ocrx_word' id='word_1_87' title='bbox 1109 1532 1275 1614; x_wconf 82' lang='lat' dir='ltr'><strong>appellari,</strong></span> <span class='ocrx_word' id='word_1_88' title='bbox 1297 1551 1359 1613; x_wconf 89' lang='lat' dir='ltr'><strong>qna</strong></span> <span class='ocrx_word' id='word_1_89' title='bbox 1372 1553 1430 1595; x_wconf 93' lang='lat' dir='ltr'><strong>non</strong></span> 
     </span>
     <span class='ocr_line' id='line_1_13' title="bbox 197 1637 1429 1725; baseline -0.002 -19"><span class='ocrx_word' id='word_1_90' title='bbox 197 1643 278 1706; x_wconf 82' lang='lat' dir='ltr'><strong>cibis</strong></span> <span class='ocrx_word' id='word_1_91' title='bbox 298 1643 356 1705; x_wconf 89' lang='lat' dir='ltr'><strong>scd</strong></span> <span class='ocrx_word' id='word_1_92' title='bbox 378 1643 470 1705; x_wconf 88' lang='lat' dir='ltr'><strong>datur</strong></span> <span class='ocrx_word' id='word_1_93' title='bbox 492 1661 589 1722; x_wconf 81' lang='lat' dir='ltr'><strong>opero</strong></span> <span class='ocrx_word' id='word_1_94' title='bbox 610 1643 744 1722; x_wconf 80' lang='lat' dir='ltr'><strong>poculis.</strong></span> <span class='ocrx_word' id='word_1_95' title='bbox 771 1639 864 1718; x_wconf 83' lang='lat' dir='ltr'><strong>Quod</strong></span> <span class='ocrx_word' id='word_1_96' title='bbox 887 1642 916 1701; x_wconf 97' lang='lat' dir='ltr'><strong>in</strong></span> <span class='ocrx_word' id='word_1_97' title='bbox 940 1640 1022 1700; x_wconf 81' lang='lat' dir='ltr'><strong>Aen.</strong></span> <span class='ocrx_word' id='word_1_98' title='bbox 1053 1641 1078 1719; x_wconf 91' lang='lat'><strong>1,</strong></span> <span class='ocrx_word' id='word_1_99' title='bbox 1099 1637 1171 1701; x_wconf 71' lang='lat'><strong>723.</strong></span> <span class='ocrx_word' id='word_1_100' title='bbox 1193 1647 1225 1699; x_wconf 86' lang='lat' dir='ltr'><strong>et</strong></span> <span class='ocrx_word' id='word_1_101' title='bbox 1246 1637 1367 1722; x_wconf 81' lang='lat' dir='ltr'><strong>Georg.</strong></span> <span class='ocrx_word' id='word_1_102' title='bbox 1388 1644 1429 1725; x_wconf 88' lang='lat'><strong>11,</strong></span> 
     </span>
    </p>

    <p class='ocr_par' dir='ltr' id='par_1_7' title="bbox 169 1750 555 1834">
     <span class='ocr_line' id='line_1_14' title="bbox 169 1750 555 1834; baseline 0 -22"><span class='ocrx_word' id='word_1_103' title='bbox 169 1819 174 1829; x_wconf 32' lang='lat'>¹</span> <span class='ocrx_word' id='word_1_104' title='bbox 197 1750 267 1815; x_wconf 82' lang='lat'>101.</span> <span class='ocrx_word' id='word_1_105' title='bbox 290 1751 395 1834; x_wconf 83' lang='lat' dir='ltr'><strong>magis</strong></span> <span class='ocrx_word' id='word_1_106' title='bbox 415 1751 555 1833; x_wconf 81' lang='lat' dir='ltr'><strong>quadrat.</strong></span> 
     </span>
    </p>

    <p class='ocr_par' dir='ltr' id='par_1_8' title="bbox 195 1855 1432 2369">
     <span class='ocr_line' id='line_1_15' title="bbox 277 1855 1429 1936; baseline -0.003 -17"><span class='ocrx_word' id='word_1_107' title='bbox 277 1861 314 1919; x_wconf 88' lang='lat' dir='ltr'><strong>In</strong></span> <span class='ocrx_word' id='word_1_108' title='bbox 336 1858 393 1920; x_wconf 82' lang='lat' dir='ltr'><strong>teli</strong></span> <span class='ocrx_word' id='word_1_109' title='bbox 414 1878 493 1920; x_wconf 89' lang='lat' dir='ltr'><strong>vero</strong></span> <span class='ocrx_word' id='word_1_110' title='bbox 514 1858 740 1920; x_wconf 73' lang='lat' dir='ltr'><strong>comissatione</strong></span> <span class='ocrx_word' id='word_1_111' title='bbox 760 1855 908 1919; x_wconf 85' lang='lat' dir='ltr'><strong>videmus</strong></span> <span class='ocrx_word' id='word_1_112' title='bbox 930 1858 1001 1918; x_wconf 90' lang='lat' dir='ltr'><strong>loco</strong></span> <span class='ocrx_word' id='word_1_113' title='bbox 1023 1855 1127 1936; x_wconf 81' lang='lat' dir='ltr'><strong>priore</strong></span> <span class='ocrx_word' id='word_1_114' title='bbox 1140 1856 1214 1918; x_wconf 84' lang='lat' dir='ltr'><strong>vino</strong></span> <span class='ocrx_word' id='word_1_115' title='bbox 1237 1855 1352 1917; x_wconf 90' lang='lat' dir='ltr'><strong>deiude</strong></span> <span class='ocrx_word' id='word_1_116' title='bbox 1373 1873 1429 1916; x_wconf 84' lang='lat' dir='ltr'><strong>co-</strong></span> 
     </span>
     <span class='ocr_line' id='line_1_16' title="bbox 195 1958 1431 2051; baseline -0.003 -23"><span class='ocrx_word' id='word_1_117' title='bbox 195 1967 310 2028; x_wconf 84' lang='lat' dir='ltr'><strong>ronari.</strong></span> <span class='ocrx_word' id='word_1_118' title='bbox 356 1965 451 2044; x_wconf 83' lang='lat' dir='ltr'><strong>Quod</strong></span> <span class='ocrx_word' id='word_1_119' title='bbox 481 1986 562 2030; x_wconf 83' lang='lat' dir='ltr'><strong>cave</strong></span> <span class='ocrx_word' id='word_1_120' title='bbox 591 1974 746 2046; x_wconf 84' lang='lat' dir='ltr'><strong>nepotes</strong></span> <span class='ocrx_word' id='word_1_121' title='bbox 775 1986 817 2028; x_wconf 89' lang='lat' dir='ltr'><strong>ex</strong></span> <span class='ocrx_word' id='word_1_122' title='bbox 851 1965 1022 2027; x_wconf 86' lang='lat' dir='ltr'><strong>Homerico</strong></span> <span class='ocrx_word' id='word_1_123' title='bbox 1061 1958 1289 2051; x_wconf 75' lang='grc' dir='ltr'><strong><em>ἐπεστέψαντο</em></strong></span> <span class='ocrx_word' id='word_1_124' title='bbox 1313 1965 1431 2025; x_wconf 80' lang='grc' dir='ltr'><strong><em>’ποτοῖο</em></strong></span> 
     </span>
     <span class='ocr_line' id='line_1_17' title="bbox 198 2072 1429 2155; baseline -0.006 -18"><span class='ocrx_word' id='word_1_125' title='bbox 198 2075 327 2144; x_wconf 90' lang='lat' dir='ltr'><strong>ductum</strong></span> <span class='ocrx_word' id='word_1_126' title='bbox 349 2093 433 2139; x_wconf 86' lang='lat' dir='ltr'><strong>esse.</strong></span> <span class='ocrx_word' id='word_1_127' title='bbox 457 2075 597 2137; x_wconf 81' lang='lat' dir='ltr'><strong>Mutavit</strong></span> <span class='ocrx_word' id='word_1_128' title='bbox 617 2085 713 2155; x_wconf 84' lang='lat' dir='ltr'><strong>poeta</strong></span> <span class='ocrx_word' id='word_1_129' title='bbox 727 2074 828 2136; x_wconf 85' lang='lat' dir='ltr'><strong>verba</strong></span> <span class='ocrx_word' id='word_1_130' title='bbox 840 2073 984 2153; x_wconf 81' lang='lat' dir='ltr'><strong>Homeri,</strong></span> <span class='ocrx_word' id='word_1_131' title='bbox 996 2080 1031 2134; x_wconf 91' lang='lat' dir='ltr'><strong>ut</strong></span> <span class='ocrx_word' id='word_1_132' title='bbox 1044 2072 1136 2142; x_wconf 87' lang='lat' dir='ltr'><strong>solet,</strong></span> <span class='ocrx_word' id='word_1_133' title='bbox 1150 2073 1179 2133; x_wconf 91' lang='lat' dir='ltr'><strong>in</strong></span> <span class='ocrx_word' id='word_1_134' title='bbox 1195 2089 1288 2132; x_wconf 89' lang='lat' dir='ltr'><strong>suum</strong></span> <span class='ocrx_word' id='word_1_135' title='bbox 1304 2091 1429 2133; x_wconf 87' lang='lat' dir='ltr'><strong>morem.</strong></span> 
     </span>
     <span class='ocr_line' id='line_1_18' title="bbox 197 2178 1432 2262; baseline 0 -20"><span class='ocrx_word' id='word_1_136' title='bbox 197 2179 332 2242; x_wconf 86' lang='lat' dir='ltr'><strong>Servius</strong></span> <span class='ocrx_word' id='word_1_137' title='bbox 354 2183 415 2244; x_wconf 66' lang='lat' dir='ltr'><strong>ulto</strong></span> <span class='ocrx_word' id='word_1_138' title='bbox 437 2181 588 2261; x_wconf 87' lang='lat' dir='ltr'><strong>„Antiqui</strong></span> <span class='ocrx_word' id='word_1_139' title='bbox 607 2181 799 2243; x_wconf 82' lang='lat' dir='ltr'><strong>coronabant</strong></span> <span class='ocrx_word' id='word_1_140' title='bbox 814 2179 928 2262; x_wconf 88' lang='lat' dir='ltr'><strong>pocula</strong></span> <span class='ocrx_word' id='word_1_141' title='bbox 949 2188 980 2240; x_wconf 88' lang='lat' dir='ltr'><strong>ot</strong></span> <span class='ocrx_word' id='word_1_142' title='bbox 994 2180 1042 2240; x_wconf 90' lang='lat' dir='ltr'><strong>sic</strong></span> <span class='ocrx_word' id='word_1_143' title='bbox 1056 2178 1222 2240; x_wconf 84' lang='lat' dir='ltr'><strong>libabant.“</strong></span> <span class='ocrx_word' id='word_1_144' title='bbox 1235 2199 1298 2240; x_wconf 90' lang='lat' dir='ltr'><strong>non</strong></span> <span class='ocrx_word' id='word_1_145' title='bbox 1319 2182 1432 2262; x_wconf 84' lang='lat' dir='ltr'><strong>pocula</strong></span> 
     </span>
     <span class='ocr_line' id='line_1_19' title="bbox 196 2288 1417 2369; baseline 0.001 -20"><span class='ocrx_word' id='word_1_146' title='bbox 196 2290 312 2369; x_wconf 84' lang='lat' dir='ltr'><strong>solum,</strong></span> <span class='ocrx_word' id='word_1_147' title='bbox 335 2288 395 2351; x_wconf 90' lang='lat' dir='ltr'><strong>sed</strong></span> <span class='ocrx_word' id='word_1_148' title='bbox 416 2291 473 2365; x_wconf 87' lang='grc' dir='ltr'>ΙΙΙ,</span> <span class='ocrx_word' id='word_1_149' title='bbox 495 2289 572 2350; x_wconf 76' lang='grc' dir='ltr'><strong>525ε</strong></span> <span class='ocrx_word' id='word_1_150' title='bbox 982 2292 984 2296; x_wconf 81' lang='grc'><strong>’</strong></span> <span class='ocrx_word' id='word_1_151' title='bbox 1415 2296 1417 2298; x_wconf 77' lang='grc'>’</span> 
     </span>
    </p>

    <p class='ocr_par' dir='ltr' id='par_1_9' title="bbox 283 2397 1137 2476">
     <span class='ocr_line' id='line_1_20' title="bbox 283 2397 1137 2476; baseline 0 -18"><span class='ocrx_word' id='word_1_152' title='bbox 283 2400 361 2460; x_wconf 74' lang='lat' dir='ltr'><strong>Tum</strong></span> <span class='ocrx_word' id='word_1_153' title='bbox 380 2406 470 2476; x_wconf 77' lang='lat' dir='ltr'><strong>puter</strong></span> <span class='ocrx_word' id='word_1_154' title='bbox 492 2397 653 2459; x_wconf 81' lang='lat' dir='ltr'><strong>Ancbieee</strong></span> <span class='ocrx_word' id='word_1_155' title='bbox 672 2416 824 2473; x_wconf 63' lang='lat' dir='ltr'><strong>mannum</strong></span> <span class='ocrx_word' id='word_1_156' title='bbox 844 2405 970 2459; x_wconf 83' lang='lat' dir='ltr'><strong>cratero</strong></span> <span class='ocrx_word' id='word_1_157' title='bbox 991 2417 1137 2459; x_wconf 83' lang='lat' dir='ltr'><strong>corono</strong></span> 
     </span>
    </p>

    <p class='ocr_par' dir='ltr' id='par_1_10' title="bbox 196 2507 1070 2689">
     <span class='ocr_line' id='line_1_21' title="bbox 279 2507 1070 2586; baseline -0.003 -18"><span class='ocrx_word' id='word_1_158' title='bbox 279 2509 426 2570; x_wconf 81' lang='lat' dir='ltr'><strong>Induit</strong></span> <span class='ocrx_word' id='word_1_159' title='bbox 444 2507 634 2586; x_wconf 77' lang='lat' dir='ltr'><strong>inplevitque</strong></span> <span class='ocrx_word' id='word_1_160' title='bbox 653 2526 747 2575; x_wconf 82' lang='lat' dir='ltr'><strong>muro,</strong></span> <span class='ocrx_word' id='word_1_161' title='bbox 771 2509 921 2585; x_wconf 77' lang='lat' dir='ltr'><strong>divosque</strong></span> <span class='ocrx_word' id='word_1_162' title='bbox 941 2509 1070 2566; x_wconf 86' lang='lat' dir='ltr'><strong>oocuoii.</strong></span> 
     </span>
     <span class='ocr_line' id='line_1_22' title="bbox 196 2612 369 2689; baseline 0 -14"><span class='ocrx_word' id='word_1_163' title='bbox 196 2612 272 2689; x_wconf 83' lang='lat' dir='ltr'><strong>vn,</strong></span> <span class='ocrx_word' id='word_1_164' title='bbox 296 2613 369 2675; x_wconf 79' lang='lat'><strong>146:</strong></span> 
     </span>
    </p>

    <p class='ocr_par' dir='ltr' id='par_1_11' title="bbox 278 2706 1156 2801">
     <span class='ocr_line' id='line_1_23' title="bbox 278 2706 1156 2801; baseline 0.003 -21"><span class='ocrx_word' id='word_1_165' title='bbox 278 2719 430 2782; x_wconf 76' lang='lat' dir='ltr'><strong>Certatim</strong></span> <span class='ocrx_word' id='word_1_166' title='bbox 450 2706 776 2798; x_wconf 58' lang='lat' dir='ltr'><strong>instauramentum,</strong></span> <span class='ocrx_word' id='word_1_167' title='bbox 799 2723 901 2801; x_wconf 81' lang='lat' dir='ltr'><strong>adque</strong></span> <span class='ocrx_word' id='word_1_168' title='bbox 921 2725 1022 2781; x_wconf 81' lang='lat' dir='ltr'><strong>omine</strong></span> <span class='ocrx_word' id='word_1_169' title='bbox 1041 2740 1156 2798; x_wconf 71' lang='lat' dir='ltr'><strong>meque</strong></span> 
     </span>
    </p>

    <p class='ocr_par' dir='ltr' id='par_1_12' title="bbox 278 2827 1092 2895">
     <span class='ocr_line' id='line_1_24' title="bbox 278 2827 1092 2895; baseline 0.006 -6"><span class='ocrx_word' id='word_1_170' title='bbox 278 2827 431 2889; x_wconf 74' lang='lat' dir='ltr'><strong>Gruterus</strong></span> <span class='ocrx_word' id='word_1_171' title='bbox 452 2830 530 2890; x_wconf 79' lang='lat' dir='ltr'><strong>loeti</strong></span> <span class='ocrx_word' id='word_1_172' title='bbox 548 2837 697 2891; x_wconf 84' lang='lat' dir='ltr'><strong>etntuunt</strong></span> <span class='ocrx_word' id='word_1_173' title='bbox 715 2836 748 2890; x_wconf 92' lang='lat' dir='ltr'><strong>et</strong></span> <span class='ocrx_word' id='word_1_174' title='bbox 765 2834 861 2890; x_wconf 84' lang='lat' dir='ltr'><strong>cino</strong></span> <span class='ocrx_word' id='word_1_175' title='bbox 881 2836 1092 2895; x_wconf 82' lang='lat' dir='ltr'><strong>coronant.</strong></span> 
     </span>
    </p>

    <p class='ocr_par' dir='ltr' id='par_1_13' title="bbox 197 2930 482 3016">
     <span class='ocr_line' id='line_1_25' title="bbox 197 2930 482 3016; baseline 0.004 -20"><span class='ocrx_word' id='word_1_176' title='bbox 197 2930 318 3016; x_wconf 84' lang='lat' dir='ltr'><strong>Georg.</strong></span> <span class='ocrx_word' id='word_1_177' title='bbox 340 2937 381 3015; x_wconf 88' lang='lat'><strong>11,</strong></span> <span class='ocrx_word' id='word_1_178' title='bbox 403 2936 482 2998; x_wconf 76' lang='lat'><strong>527:</strong></span> 
     </span>
    </p>

    <p class='ocr_par' dir='ltr' id='par_1_14' title="bbox 279 3036 1112 3127">
     <span class='ocr_line' id='line_1_26' title="bbox 279 3036 1112 3127; baseline 0.006 -24"><span class='ocrx_word' id='word_1_179' title='bbox 279 3045 355 3121; x_wconf 82' lang='lat' dir='ltr'><strong>Ipse</strong></span> <span class='ocrx_word' id='word_1_180' title='bbox 375 3047 443 3105; x_wconf 82' lang='lat' dir='ltr'><strong>dieo</strong></span> <span class='ocrx_word' id='word_1_181' title='bbox 464 3036 567 3122; x_wconf 72' lang='lat' dir='ltr'><strong>cqitut</strong></span> <span class='ocrx_word' id='word_1_182' title='bbox 583 3049 697 3127; x_wconf 78' lang='lat' dir='ltr'><strong>festos,</strong></span> <span class='ocrx_word' id='word_1_183' title='bbox 716 3049 877 3127; x_wconf 70' lang='lat' dir='ltr'><strong>fuerisque</strong></span> <span class='ocrx_word' id='word_1_184' title='bbox 894 3066 954 3125; x_wconf 79' lang='lat' dir='ltr'><strong>per</strong></span> <span class='ocrx_word' id='word_1_185' title='bbox 974 3048 1112 3123; x_wconf 58' lang='lat' dir='ltr'><strong>bedam,</strong></span> 
     </span>
    </p>

    <p class='ocr_par' dir='ltr' id='par_1_15' title="bbox 199 3155 1435 3451">
     <span class='ocr_line' id='line_1_27' title="bbox 279 3155 1241 3229; baseline 0.006 -17"><span class='ocrx_word' id='word_1_186' title='bbox 279 3155 373 3229; x_wconf 63' lang='lat' dir='ltr'><strong>Iunio</strong></span> <span class='ocrx_word' id='word_1_187' title='bbox 392 3155 447 3213; x_wconf 84' lang='lat' dir='ltr'><strong>udi</strong></span> <span class='ocrx_word' id='word_1_188' title='bbox 465 3157 500 3214; x_wconf 84' lang='lat' dir='ltr'><strong>in</strong></span> <span class='ocrx_word' id='word_1_189' title='bbox 520 3155 619 3214; x_wconf 83' lang='lat' dir='ltr'><strong>medio</strong></span> <span class='ocrx_word' id='word_1_190' title='bbox 639 3160 670 3213; x_wconf 92' lang='lat' dir='ltr'><strong>et</strong></span> <span class='ocrx_word' id='word_1_191' title='bbox 689 3157 768 3214; x_wconf 77' lang='lat' dir='ltr'><strong>coeii</strong></span> <span class='ocrx_word' id='word_1_192' title='bbox 788 3161 951 3214; x_wconf 83' lang='lat' dir='ltr'><strong>cratero</strong></span> <span class='ocrx_word' id='word_1_193' title='bbox 972 3164 1182 3218; x_wconf 81' lang='lat' dir='ltr'><strong>coronant.</strong></span> <span class='ocrx_word' id='word_1_194' title='bbox 1203 3200 1241 3218; x_wconf 85' lang='lat'><strong>..</strong></span> 
     </span>
     <span class='ocr_line' id='line_1_28' title="bbox 199 3261 1435 3348; baseline 0.003 -25"><span class='ocrx_word' id='word_1_195' title='bbox 199 3261 296 3323; x_wconf 75' lang='lat' dir='ltr'><strong>Talus</strong></span> <span class='ocrx_word' id='word_1_196' title='bbox 318 3269 462 3324; x_wconf 82' lang='lat' dir='ltr'><strong>crateras</strong></span> <span class='ocrx_word' id='word_1_197' title='bbox 484 3263 515 3324; x_wconf 93' lang='lat' dir='ltr'><strong>in</strong></span> <span class='ocrx_word' id='word_1_198' title='bbox 536 3261 648 3324; x_wconf 79' lang='lat' dir='ltr'><strong>mediis</strong></span> <span class='ocrx_word' id='word_1_199' title='bbox 681 3263 838 3323; x_wconf 90' lang='lat' dir='ltr'><strong>conviviis</strong></span> <span class='ocrx_word' id='word_1_200' title='bbox 869 3271 937 3328; x_wconf 81' lang='lat' dir='ltr'><strong>orte</strong></span> <span class='ocrx_word' id='word_1_201' title='bbox 972 3263 1134 3344; x_wconf 85' lang='lat' dir='ltr'><strong>sculpendi</strong></span> <span class='ocrx_word' id='word_1_202' title='bbox 1167 3261 1332 3348; x_wconf 80' lang='lat' dir='ltr'><strong>expressis</strong></span> <span class='ocrx_word' id='word_1_203' title='bbox 1361 3284 1435 3330; x_wconf 86' lang='lat' dir='ltr'><strong>sae-</strong></span> 
     </span>
     <span class='ocr_line' id='line_1_29' title="bbox 199 3369 1129 3451; baseline 0.002 -19"><span class='ocrx_word' id='word_1_204' title='bbox 199 3389 371 3451; x_wconf 85' lang='lat' dir='ltr'><strong>penumero</strong></span> <span class='ocrx_word' id='word_1_205' title='bbox 394 3377 519 3432; x_wconf 84' lang='lat' dir='ltr'><strong>stantes</strong></span> <span class='ocrx_word' id='word_1_206' title='bbox 541 3369 642 3431; x_wconf 75' lang='lat' dir='ltr'><strong>vides,</strong></span> <span class='ocrx_word' id='word_1_207' title='bbox 1125 3425 1129 3434; x_wconf 79' lang='grc'><em>.</em></span> 
     </span>
    </p>

    <p class='ocr_par' dir='ltr' id='par_1_16' title="bbox 281 3476 1437 3564">
     <span class='ocr_line' id='line_1_30' title="bbox 281 3476 1437 3564; baseline 0.004 -27"><span class='ocrx_word' id='word_1_208' title='bbox 281 3476 448 3539; x_wconf 83' lang='lat' dir='ltr'><strong>Libationo</strong></span> <span class='ocrx_word' id='word_1_209' title='bbox 472 3485 602 3559; x_wconf 87' lang='lat' dir='ltr'><strong>peracta</strong></span> <span class='ocrx_word' id='word_1_210' title='bbox 634 3476 715 3538; x_wconf 90' lang='lat' dir='ltr'><strong>Dido</strong></span> <span class='ocrx_word' id='word_1_211' title='bbox 747 3478 893 3557; x_wconf 89' lang='lat' dir='ltr'><strong>poculum</strong></span> <span class='ocrx_word' id='word_1_212' title='bbox 923 3479 1131 3547; x_wconf 82' lang='lat' dir='ltr'><strong>verecundius</strong></span> <span class='ocrx_word' id='word_1_213' title='bbox 1170 3489 1293 3548; x_wconf 81' lang='lat' dir='ltr'><strong>tantum</strong></span> <span class='ocrx_word' id='word_1_214' title='bbox 1323 3484 1437 3564; x_wconf 84' lang='lat' dir='ltr'><strong>tangit,</strong></span> 
     </span>
    </p>

    <p class='ocr_par' dir='ltr' id='par_1_17' title="bbox 182 3567 1437 3672">
     <span class='ocr_line' id='line_1_31' title="bbox 182 3567 1437 3672; baseline 0.003 -26"><span class='ocrx_word' id='word_1_215' title='bbox 182 3568 465 3669; x_wconf 79' lang='lat' dir='ltr'><strong>¹quemadmodum</strong></span> <span class='ocrx_word' id='word_1_216' title='bbox 489 3595 521 3648; x_wconf 91' lang='lat' dir='ltr'><strong>et</strong></span> <span class='ocrx_word' id='word_1_217' title='bbox 542 3586 689 3647; x_wconf 84' lang='lat' dir='ltr'><strong>mulieres</strong></span> <span class='ocrx_word' id='word_1_218' title='bbox 711 3587 875 3650; x_wconf 80' lang='lat' dir='ltr'><strong>Romanae</strong></span> <span class='ocrx_word' id='word_1_219' title='bbox 896 3590 972 3650; x_wconf 91' lang='lat' dir='ltr'><strong>vino</strong></span> <span class='ocrx_word' id='word_1_220' title='bbox 995 3596 1084 3651; x_wconf 88' lang='lat' dir='ltr'><strong>erant</strong></span> <span class='ocrx_word' id='word_1_221' title='bbox 1104 3590 1295 3671; x_wconf 76' lang='lat' dir='ltr'><strong>abstemiae,</strong></span> <span class='ocrx_word' id='word_1_222' title='bbox 1317 3591 1344 3672; x_wconf 89' lang='lat'><strong>1,</strong></span> <span class='ocrx_word' id='word_1_223' title='bbox 1363 3567 1437 3652; x_wconf 82' lang='grc'><strong>737;</strong></span> 
     </span>
    </p>

    <p class='ocr_par' dir='ltr' id='par_1_18' title="bbox 284 3695 1056 3777">
     <span class='ocr_line' id='line_1_32' title="bbox 284 3695 1056 3777; baseline 0.003 -22"><span class='ocrx_word' id='word_1_224' title='bbox 284 3697 466 3774; x_wconf 77' lang='lat' dir='ltr'><strong>Primoque,</strong></span> <span class='ocrx_word' id='word_1_225' title='bbox 488 3695 590 3767; x_wconf 82' lang='lat' dir='ltr'><strong>libato,</strong></span> <span class='ocrx_word' id='word_1_226' title='bbox 615 3715 735 3755; x_wconf 73' lang='lat' dir='ltr'><strong>manino</strong></span> <span class='ocrx_word' id='word_1_227' title='bbox 758 3703 850 3756; x_wconf 82' lang='lat' dir='ltr'><strong>tenus</strong></span> <span class='ocrx_word' id='word_1_228' title='bbox 871 3701 975 3774; x_wconf 68' lang='lat' dir='ltr'><strong>attiqit</strong></span> <span class='ocrx_word' id='word_1_229' title='bbox 992 3717 1056 3777; x_wconf 86' lang='lat' dir='ltr'><strong>ore,</strong></span> 
     </span>
    </p>

    <p class='ocr_par' dir='ltr' id='par_1_19' title="bbox 288 3802 1181 3881">
     <span class='ocr_line' id='line_1_33' title="bbox 288 3802 1181 3881; baseline 0.001 -18"><span class='ocrx_word' id='word_1_230' title='bbox 288 3802 365 3863; x_wconf 71' lang='lat' dir='ltr'><strong>dium</strong></span> <span class='ocrx_word' id='word_1_231' title='bbox 385 3805 489 3864; x_wconf 81' lang='lat' dir='ltr'><strong>Bitiae</strong></span> <span class='ocrx_word' id='word_1_232' title='bbox 510 3803 597 3862; x_wconf 82' lang='lat' dir='ltr'><strong>dedit</strong></span> <span class='ocrx_word' id='word_1_233' title='bbox 616 3805 830 3881; x_wconf 60' lang='lat' dir='ltr'><strong>increpitum</strong></span> <span class='ocrx_word' id='word_1_234' title='bbox 851 3803 905 3863; x_wconf 81' lang='lat' dir='ltr'><strong>iiie</strong></span> <span class='ocrx_word' id='word_1_235' title='bbox 924 3807 1048 3881; x_wconf 60' lang='lat' dir='ltr'><strong>inpiger</strong></span> <span class='ocrx_word' id='word_1_236' title='bbox 1072 3805 1181 3864; x_wconf 82' lang='lat' dir='ltr'><strong>bausit</strong></span> 
     </span>
    </p>

    <p class='ocr_par' dir='ltr' id='par_1_20' title="bbox 284 3907 1215 3994">
     <span class='ocr_line' id='line_1_34' title="bbox 284 3907 1215 3994; baseline 0.002 -24"><span class='ocrx_word' id='word_1_237' title='bbox 284 3907 491 3986; x_wconf 61' lang='lat' dir='ltr'><strong>&amp;prementem</strong></span> <span class='ocrx_word' id='word_1_238' title='bbox 508 3918 665 3991; x_wconf 76' lang='lat' dir='ltr'><strong>poteram,</strong></span> <span class='ocrx_word' id='word_1_239' title='bbox 687 3916 718 3968; x_wconf 89' lang='lat' dir='ltr'><strong>et</strong></span> <span class='ocrx_word' id='word_1_240' title='bbox 735 3910 829 3989; x_wconf 68' lang='lat' dir='ltr'><strong>pinio</strong></span> <span class='ocrx_word' id='word_1_241' title='bbox 850 3912 1132 3994; x_wconf 67' lang='lat' dir='ltr'><strong>secretariorum,</strong></span> <span class='ocrx_word' id='word_1_242' title='bbox 1211 3934 1215 3941; x_wconf 94' lang='lat'><em>·</em></span> 
     </span>
    </p>

    <p class='ocr_par' dir='ltr' id='par_1_21' title="bbox 284 4018 620 4097">
     <span class='ocr_line' id='line_1_35' title="bbox 284 4018 620 4097; baseline 0.015 -21"><span class='ocrx_word' id='word_1_243' title='bbox 284 4018 366 4077; x_wconf 82' lang='lat' dir='ltr'><strong>Post</strong></span> <span class='ocrx_word' id='word_1_244' title='bbox 384 4018 441 4078; x_wconf 80' lang='lat' dir='ltr'><strong>ulii</strong></span> <span class='ocrx_word' id='word_1_245' title='bbox 459 4040 620 4097; x_wconf 81' lang='lat' dir='ltr'><strong>proceres.</strong></span> 
     </span>
    </p>
   </div>
   <div class='ocr_carea' id='block_1_3' title="bbox 202 4151 1446 4889">
    <p class='ocr_par' dir='ltr' id='par_1_22' title="bbox 202 4151 1446 4889">
     <span class='ocr_line' id='line_1_36' title="bbox 202 4151 1438 4235; baseline 0.002 -23"><span class='ocrx_word' id='word_1_246' title='bbox 202 4151 296 4230; x_wconf 73' lang='lat' dir='ltr'><strong>Quod</strong></span> <span class='ocrx_word' id='word_1_247' title='bbox 318 4172 339 4215; x_wconf 87' lang='lat' dir='ltr'><strong>a</strong></span> <span class='ocrx_word' id='word_1_248' title='bbox 359 4170 483 4212; x_wconf 90' lang='lat' dir='ltr'><strong>summo</strong></span> <span class='ocrx_word' id='word_1_249' title='bbox 499 4153 605 4217; x_wconf 86' lang='lat' dir='ltr'><strong>bibere</strong></span> <span class='ocrx_word' id='word_1_250' title='bbox 622 4175 640 4217; x_wconf 87' lang='lat' dir='ltr'><strong>a</strong></span> <span class='ocrx_word' id='word_1_251' title='bbox 657 4155 810 4218; x_wconf 82' lang='lat' dir='ltr'><strong>Romanis</strong></span> <span class='ocrx_word' id='word_1_252' title='bbox 823 4164 966 4216; x_wconf 82' lang='lat' dir='ltr'><strong>vocatur.</strong></span> <span class='ocrx_word' id='word_1_253' title='bbox 988 4185 1029 4199; x_wconf 94' lang='lat'>-</span> <span class='ocrx_word' id='word_1_254' title='bbox 1049 4152 1176 4232; x_wconf 86' lang='lat' dir='ltr'><strong>Quodsi</strong></span> <span class='ocrx_word' id='word_1_255' title='bbox 1191 4152 1329 4235; x_wconf 89' lang='lat' dir='ltr'><strong>denique</strong></span> <span class='ocrx_word' id='word_1_256' title='bbox 1343 4155 1438 4233; x_wconf 85' lang='lat' dir='ltr'><strong>iopas</strong></span> 
     </span>
     <span class='ocr_line' id='line_1_37' title="bbox 203 4242 1444 4347; baseline 0.004 -26"><span class='ocrx_word' id='word_1_257' title='bbox 203 4277 333 4322; x_wconf 84' lang='lat' dir='ltr'><strong>carmen</strong></span> <span class='ocrx_word' id='word_1_258' title='bbox 349 4242 595 4330; x_wconf 79' lang='lat' dir='ltr'><strong>astronomicum</strong></span> <span class='ocrx_word' id='word_1_259' title='bbox 613 4268 762 4327; x_wconf 82' lang='lat' dir='ltr'><strong>convivis</strong></span> <span class='ocrx_word' id='word_1_260' title='bbox 780 4267 876 4343; x_wconf 80' lang='lat' dir='ltr'><strong>canit,</strong></span> <span class='ocrx_word' id='word_1_261' title='bbox 892 4267 922 4327; x_wconf 93' lang='lat' dir='ltr'><strong>in</strong></span> <span class='ocrx_word' id='word_1_262' title='bbox 937 4285 976 4327; x_wconf 91' lang='lat' dir='ltr'><strong>eo</strong></span> <span class='ocrx_word' id='word_1_263' title='bbox 993 4285 1071 4328; x_wconf 89' lang='lat' dir='ltr'><strong>sane</strong></span> <span class='ocrx_word' id='word_1_264' title='bbox 1088 4266 1219 4347; x_wconf 86' lang='lat' dir='ltr'><strong>patrium</strong></span> <span class='ocrx_word' id='word_1_265' title='bbox 1232 4265 1444 4328; x_wconf 83' lang='lat' dir='ltr'><strong>Romanorum</strong></span> 
     </span>
     <span class='ocr_line' id='line_1_38' title="bbox 202 4362 1446 4455; baseline 0.001 -24"><span class='ocrx_word' id='word_1_266' title='bbox 202 4389 321 4431; x_wconf 89' lang='lat' dir='ltr'><strong>morem</strong></span> <span class='ocrx_word' id='word_1_267' title='bbox 343 4389 523 4454; x_wconf 79' lang='lat' dir='ltr'><strong>agnoscere</strong></span> <span class='ocrx_word' id='word_1_268' title='bbox 546 4392 607 4433; x_wconf 90' lang='lat' dir='ltr'><strong>non</strong></span> <span class='ocrx_word' id='word_1_269' title='bbox 629 4375 758 4455; x_wconf 87' lang='lat' dir='ltr'><strong>poteris,</strong></span> <span class='ocrx_word' id='word_1_270' title='bbox 776 4407 816 4418; x_wconf 94' lang='lat'><strong>—</strong></span> <span class='ocrx_word' id='word_1_271' title='bbox 837 4393 949 4437; x_wconf 81' lang='lat' dir='ltr'><strong>ensem</strong></span> <span class='ocrx_word' id='word_1_272' title='bbox 973 4382 1061 4436; x_wconf 88' lang='lat' dir='ltr'><strong>certo</strong></span> <span class='ocrx_word' id='word_1_273' title='bbox 1076 4373 1162 4436; x_wconf 86' lang='lat' dir='ltr'><strong>dedit</strong></span> <span class='ocrx_word' id='word_1_274' title='bbox 1183 4362 1279 4454; x_wconf 85' lang='lat' dir='ltr'><strong>poete</strong></span> <span class='ocrx_word' id='word_1_275' title='bbox 1301 4371 1446 4437; x_wconf 85' lang='lat' dir='ltr'><strong>Graecus</strong></span> 
     </span>
     <span class='ocr_line' id='line_1_39' title="bbox 204 4477 1444 4568; baseline 0.001 -29"><span class='ocrx_word' id='word_1_276' title='bbox 204 4509 245 4527; x_wconf 54' lang='grc' dir='ltr'><strong>ν-</strong></span> <span class='ocrx_word' id='word_1_277' title='bbox 268 4479 341 4539; x_wconf 89' lang='lat' dir='ltr'><strong>aevi</strong></span> <span class='ocrx_word' id='word_1_278' title='bbox 365 4488 469 4541; x_wconf 86' lang='lat' dir='ltr'><strong>tamen</strong></span> <span class='ocrx_word' id='word_1_279' title='bbox 491 4481 540 4540; x_wconf 88' lang='lat' dir='ltr'><strong>sui</strong></span> <span class='ocrx_word' id='word_1_280' title='bbox 563 4487 595 4540; x_wconf 92' lang='lat' dir='ltr'><strong>et</strong></span> <span class='ocrx_word' id='word_1_281' title='bbox 617 4483 812 4563; x_wconf 86' lang='lat' dir='ltr'><strong>posterioris,</strong></span> <span class='ocrx_word' id='word_1_282' title='bbox 840 4499 938 4565; x_wconf 88' lang='lat' dir='ltr'><strong>quum</strong></span> <span class='ocrx_word' id='word_1_283' title='bbox 960 4481 1022 4550; x_wconf 72' lang='lat' dir='ltr'><strong>iarn</strong></span> <span class='ocrx_word' id='word_1_284' title='bbox 1043 4499 1125 4555; x_wconf 82' lang='lat' dir='ltr'><strong>nuno</strong></span> <span class='ocrx_word' id='word_1_285' title='bbox 1158 4480 1201 4568; x_wconf 95' lang='lat' dir='ltr'>V</span> <span class='ocrx_word' id='word_1_286' title='bbox 1235 4477 1273 4541; x_wconf 82' lang='lat' dir='ltr'><strong>C.</strong></span> <span class='ocrx_word' id='word_1_287' title='bbox 1295 4479 1444 4544; x_wconf 80' lang='lat' dir='ltr'><strong>DLXHI.</strong></span> 
     </span>
     <span class='ocr_line' id='line_1_40' title="bbox 203 4586 1438 4671; baseline 0.002 -27"><span class='ocrx_word' id='word_1_288' title='bbox 203 4590 287 4645; x_wconf 84' lang='lat' dir='ltr'><strong>teste</strong></span> <span class='ocrx_word' id='word_1_289' title='bbox 309 4586 401 4647; x_wconf 80' lang='lat' dir='ltr'><strong>Livio</strong></span> <span class='ocrx_word' id='word_1_290' title='bbox 423 4587 580 4668; x_wconf 78' lang='lat' dir='ltr'><strong>xxxix,</strong></span> <span class='ocrx_word' id='word_1_291' title='bbox 602 4589 639 4653; x_wconf 66' lang='lat' dir='ltr'><strong>az</strong></span> <span class='ocrx_word' id='word_1_292' title='bbox 662 4588 832 4671; x_wconf 65' lang='lat' dir='ltr'><strong>”psaltriae</strong></span> <span class='ocrx_word' id='word_1_293' title='bbox 854 4588 1162 4669; x_wconf 85' lang='lat' dir='ltr'><strong>sambucistriaeque</strong></span> <span class='ocrx_word' id='word_1_294' title='bbox 1193 4594 1226 4648; x_wconf 90' lang='lat' dir='ltr'><strong>et</strong></span> <span class='ocrx_word' id='word_1_295' title='bbox 1256 4586 1438 4648; x_wconf 80' lang='lat' dir='ltr'><strong>convivalia</strong></span> 
     </span>
     <span class='ocr_line' id='line_1_41' title="bbox 204 4674 1444 4779; baseline -0.003 -21"><span class='ocrx_word' id='word_1_296' title='bbox 204 4692 362 4761; x_wconf 84' lang='lat' dir='ltr'><strong>ludionum</strong></span> <span class='ocrx_word' id='word_1_297' title='bbox 385 4697 617 4759; x_wconf 87' lang='lat' dir='ltr'><strong>oblectamenta</strong></span> <span class='ocrx_word' id='word_1_298' title='bbox 643 4694 749 4759; x_wconf 82' lang='lat' dir='ltr'><strong>addito</strong></span> <span class='ocrx_word' id='word_1_299' title='bbox 777 4694 882 4777; x_wconf 88' lang='lat' dir='ltr'><strong>opulis</strong></span> <span class='ocrx_word' id='word_1_300' title='bbox 905 4695 1051 4758; x_wconf 79' lang='lat' dir='ltr'><strong>fuerint.“</strong></span> <span class='ocrx_word' id='word_1_301' title='bbox 1090 4674 1260 4779; x_wconf 83' lang='lat' dir='ltr'><strong>Augustus</strong></span> <span class='ocrx_word' id='word_1_302' title='bbox 1287 4696 1323 4760; x_wconf 88' lang='lat' dir='ltr'><strong>in</strong></span> <span class='ocrx_word' id='word_1_303' title='bbox 1346 4709 1444 4756; x_wconf 78' lang='lat' dir='ltr'><strong>coena</strong></span> 
     </span>
     <span class='ocr_line' id='line_1_42' title="bbox 206 4799 1442 4889; baseline -0.006 -21"><span class='ocrx_word' id='word_1_304' title='bbox 206 4803 359 4886; x_wconf 82' lang='lat' dir='ltr'><strong>(Sueton.</strong></span> <span class='ocrx_word' id='word_1_305' title='bbox 380 4802 495 4870; x_wconf 70' lang='lat' dir='ltr'><strong>octav.</strong></span> <span class='ocrx_word' id='word_1_306' title='bbox 514 4805 596 4880; x_wconf 52' lang='lat'><strong>740:</strong></span> <span class='ocrx_word' id='word_1_307' title='bbox 624 4815 683 4889; x_wconf 75' lang='lat' dir='ltr'><strong>„et</strong></span> <span class='ocrx_word' id='word_1_308' title='bbox 704 4804 743 4867; x_wconf 87' lang='lat' dir='ltr'><strong>ad</strong></span> <span class='ocrx_word' id='word_1_309' title='bbox 765 4803 1015 4868; x_wconf 84' lang='lat' dir='ltr'><strong>communionem</strong></span> <span class='ocrx_word' id='word_1_310' title='bbox 1036 4803 1191 4866; x_wconf 84' lang='lat' dir='ltr'><strong>sermonis</strong></span> <span class='ocrx_word' id='word_1_311' title='bbox 1220 4809 1370 4870; x_wconf 81' lang='lat' dir='ltr'><strong>tacentes</strong></span> <span class='ocrx_word' id='word_1_312' title='bbox 1391 4799 1442 4864; x_wconf 70' lang='lat' dir='ltr'><strong>vet</strong></span> 
     </span>
    </p>
   </div>
   <div class='ocr_carea' id='block_1_4' title="bbox 0 0 1531 5234">
    <p class='ocr_par' dir='ltr' id='par_1_23' title="bbox 0 0 1531 5234">
     <span class='ocr_line' id='line_1_43' title="bbox 0 0 1531 5234; baseline 0 0"><span class='ocrx_word' id='word_1_313' title='bbox 0 0 1531 5234; x_wconf 95' lang='lat' dir='ltr'><strong> </strong></span> 
     </span>
    </p>
   </div>
  </div>
 </body>
</html>
