3022 5234
127 207 168 269 21
630 204 685 289 De
708 204 869 286 populo.

128 389 251 452 Romae
267 408 496 470 saepenumero
512 396 644 449 senatus
656 386 828 450 iudeorum
839 384 971 448 aedibus
983 386 1169 450 esthabitus
1180 383 1372 466 mcxlix,

128 496 186 556 21:
209 494 275 575 „Q.
297 495 432 556 Fulvius
455 493 551 572 Gillo,
584 495 712 578 legatus
734 491 905 573 Scipionis,
935 491 1217 573 Carthaginienses
1238 495 1374 559 Romam

130 603 277 685 adduxit,
309 604 424 685 quibus
450 602 559 663 vetitis
587 599 713 683 ingredi
741 602 851 663 urbem
878 600 1046 681 hospitium
1074 605 1106 661 in
1133 601 1212 664 villa
1233 604 1373 685 publica,

128 721 261 774 senatus
282 711 323 774 ad
346 711 459 773 aedem
487 712 683 773 Bellonae
712 710 806 773 datus
836 705 923 771 est.“
964 710 1090 794 XXXI,
1108 711 1171 774 -472
1210 710 1273 789 „ln
1304 711 1375 772 uu-

129 824 251 882 rius-
265 853 306 862 —
323 819 459 881 Romam
481 818 641 898 inopinato
662 837 760 901 quum
781 819 939 898 venisset,
960 826 1107 881 senatum
1129 819 1160 879 in
1183 818 1265 880 aede
1284 819 1375 879 Bel-

129 927 241 1007 lonae
272 926 398 1008 habuit,
435 929 657 1008 expositisque
684 926 783 987 rebus
810 926 935 1008 gestis,
964 934 1000 987 ut
1027 925 1229 1007 triumphanti
1257 925 1317 988 sibi
1345 926 1376 985 in

126 1036 235 1098 urbem
258 1033 366 1096 invehi
387 1034 508 1114 liceret,
530 1033 638 1113 pelit.“
679 1032 838 1112 xxxin,
859 1033 914 1095 24:
943 1031 1021 1112 „Ad
1041 1032 1155 1095 aedem
1177 1034 1376 1096 Bellonae

129 1149 262 1204 senatus
291 1147 341 1202 est
365 1134 531 1201 habitus.“
578 1138 671 1220 xm,
707 1139 745 1201 b:
782 1139 870 1218 „Per
907 1156 965 1200 eos
994 1138 1062 1201 dies
1090 1140 1138 1199 Ti.
1167 1141 1378 1221 Sempronius

132 1236 302 1314 Gracchus
334 1256 367 1310 et
406 1249 443 1311 b.
470 1247 671 1315 *Postumius
699 1245 835 1308 Albinus
865 1265 907 1307 ex
932 1244 1087 1327 Hispania
1115 1247 1251 1310 Romam
1281 1266 1378 1327 quum

133 1361 362 1433 revertissent,
389 1365 520 1418 senatus
541 1356 579 1416 iis
602 1373 622 1415 a
641 1354 689 1416 Μ.
712 1354 827 1416 Titinio
849 1368 997 1436 praetore
1018 1354 1113 1417 datus
1134 1357 1165 1418 iu
1187 1355 1268 1420 aede
1289 1357 1379 1418 Bel-

134 1469 253 1529 lonae
274 1464 314 1528 ad
332 1463 539 1527 disserendas
558 1482 624 1546 res,
647 1482 726 1545 quas
746 1464 938 1545 gessissent,
960 1463 1229 1545 postulandosque
1244 1463 1382 1527 honores

136 1575 285 1654 meritos,
307 1581 341 1636 ut
357 1572 416 1635 diis
434 1551 661 1636 immortalibus
681 1565 851 1635 haberetur
871 1569 1010 1634 honos.“
1032 1574 1224 1653 xhlt,21:
1245 1575 1382 1635 ”Prius-

137 1701 231 1764 quam
256 1683 532 1762 proficiscerentur
555 1685 717 1760 consules,
740 1681 778 1746 C.
794 1682 942 1745 Cicereio
963 1684 1102 1762 praetori
1122 1682 1234 1762 prioris
1255 1683 1328 1744 anni
1340 1681 1383 1743 ad

129 1788 247 1863 ‚aedem
271 1789 464 1853 Bellonae
485 1798 616 1852 senatus
638 1791 734 1870 datus
755 1788 840 1852 est.“
869 1790 975 1870 xnll,
996 1788 1054 1852 28:
1085 1790 1222 1871 „ltaque
1242 1809 1304 1850 uon
1326 1806 1385 1849 se-

138 1895 250 1960 cundis
271 1896 402 1959 auribus
418 1905 542 1978 patrum
558 1897 686 1960 auditus
708 1908 760 1961 est
776 1898 898 1979 consul,
921 1916 1019 1979 quum
1040 1898 1070 1959 iu
1089 1897 1170 1961 aede
1189 1897 1384 1961 Bellonae

87 2021 89 2029 ⁴
130 2003 285 2093 *derebus
300 2007 331 2068 in
351 2007 526 2085 Liguribus
541 2007 645 2089 gestis
666 2002 874 2069 dissereret.“
888 2006 1129 2082 >XXXlV,43:*
1149 2007 1288 2087 ”Legati
1310 2007 1385 2067 Na-

138 2113 220 2177 bidis
242 2114 366 2196 tyranni
377 2115 512 2206 Romam
526 2123 691 2195 venerunt.
713 2117 772 2178 uis
791 2124 883 2178 extra
905 2114 1016 2177 urbem
1037 2116 1073 2176 in·
1089 2112 1385 2196 aedeApollinis

138 2208 275 2285 senatus*
293 2223 389 2287 datus
403 2232 484 2286 esto
503 2225 711 2301 xxxix,4:
735 2222 797 2302 [M.
809 2222 964 2301 Fulvius]
986 2223 1047 2300 „ad
1058 2222 1385 2304 aedemApollinis

137 2338 170 2395 in
183 2342 297 2397 senatu
309 2352 404 2415 quum
419 2333 459 2394 de
475 2334 571 2394 rebus
585 2335 616 2395 in
629 2333 755 2396 Aetolia
771 2332 1041 2413 Cephalleniaque
1053 2332 1092 2395 ab
1110 2351 1148 2394 se
1162 2332 1266 2416 gestis
1277 2330 1386 2394 disse-

30 2523 33 2528 ·
140 2441 331 2506 ruisset...“
352 2442 440 2523 xul,
455 2441 512 2503 22:
534 2441 769 2523 „Compertum
791 2450 898 2505 tamen
919 2440 1174 2512 adfirmaverunt,
1199 2441 1325 2523 legatos
1346 2439 1387 2501 ab

139 2551 354 2634 regel’erseo
376 2552 519 2632 venisse,
553 2550 657 2630 iisque
676 2566 774 2612 noctu
792 2558 938 2612 senatum
967 2554 1001 2612 in
1029 2548 1109 2612 aede
1140 2549 1388 2631 Aesculapii

142 2657 251 2721 datum
274 2658 386 2721 esse.“
413 2657 507 2738 Apud
532 2660 706 2722 Salustium
731 2658 806 2720 Cat.
822 2658 872 2721 49.
897 2667 1030 2724 senatus
1051 2658 1082 2719 in
1103 2655 1185 2718 aede
1206 2656 1388 2721 Concor-

143 2770 234 2829 diae
256 2767 418 2828 convenit.
461 2768 542 2830 Rem
565 2786 659 2848 qnam
681 2768 820 2829 maxime
846 2767 993 2829 inlustrat
1021 2768 1155 2829 It'estus:
1199 2768 1390 2848 „Senacula

141 2878 200 2940 tria
221 2877 323 2937 fuisse
345 2875 484 2952 Romae,
517 2877 547 2937 in
569 2878 683 2956 quibus
704 2885 837 2938 senatus
860 2877 969 2938 haberi
990 2877 1102 2939 solitus
1124 2878 1184 2954 sit,
1218 2876 1390 2939 memoriae

143 2983 277 3066 prodidit
298 2984 502 3046 Nicostratus
525 2983 555 3043 in
586 2983 684 3062 libro,
716 2983 769 3061 qui
797 2982 976 3044 inscribitur
1006 2981 1046 3043 de
1083 2990 1198 3045 senatu
1222 2981 1389 3063 habendo,
1465 2989 1467 2992 ’

144 3109 251 3168 tinum,
271 3088 324 3149 ubi
344 3105 427 3147 rrunc
444 3095 495 3148 est
517 3087 895 3150 acdisConcordiae
910 3087 991 3149 inter
1007 3086 1196 3169 Capitolium
1213 3099 1245 3152 et
1259 3090 1389 3171 Rarum,

146 3199 191 3263 in„
205 3217 266 3278 quo
294 3195 438 3257 solebant
464 3199 671 3275 magistratus
694 3195 782 3289 BT,
804 3213 876 3257 cnm
898 3194 1073 3257 senioribus
1094 3195 1281 3280 deliberare,
1304 3200 1390 3261 alte·

144 3325 210 3366 rum
233 3305 280 3366 ad
301 3311 457 3384 portam
482 3300 715 3382 Capenam,¹
733 3305 858 3367 tertium
881 3305 982 3368 citra
1004 3304 1140 3367 aedem
1170 3305 1391 3390 Bellonae,

146 3415 175 3472 in
199 3430 260 3491 quo
282 3420 461 3473 exterarum
485 3417 643 3473 arationum
678 3413 813 3496 legatis,
844 3432 925 3495 quos
946 3413 976 3475 in
1000 3413 1108 3476 urbem
1132 3415 1302 3479 admittere
1331 3434 1392 3478 no-

146 3519 271 3596 lebant,
307 3529 438 3581 scuntus
470 3517 640 3583 dabatur.“

747 3816 753 3831 .
778 3770 825 3831 16.

641 3903 707 3956 lle
720 3763 896 3970 inputo.

236 4036 328 4114 Quod
349 4018 514 4119 Vergilius
537 4044 655 4100 totiens
679 4059 741 4101 nna
765 4056 838 4100 eum
859 4037 1001 4120 patribus
1022 4033 1170 4116 populum
1193 4034 1304 4113 iungit,
1328 4030 1398 4091 Ro-

148 4161 309 4204 mauorum
326 4147 487 4225 exemplar
502 4147 541 4207 ob
559 4149 669 4209 oculos
680 4147 798 4209 habuit.
832 4131 907 4208 Non
923 4145 1003 4208 enim
1019 4142 1155 4224 populus
1167 4139 1210 4201 illi
1225 4147 1277 4201 est
1290 4131 1395 4220 δῆμος
1424 4155 1427 4159 ·

148 4254 201 4314 vel
223 4253 328 4333 plebs,
348 4251 406 4313 sed
428 4255 560 4331 civium,
582 4256 633 4336 qui
654 4249 703 4316 sui
723 4257 804 4317 iuris
826 4261 912 4335 sunt,
934 4237 1084 4313 universa
1105 4248 1290 4311 communio.
1334 4246 1397 4305 Al-

148 4360 260 4421 tiore'm
287 4359 443 4440 quandam
473 4360 646 4422 doctrinam
672 4368 799 4442 poetam
820 4361 882 4421 hac
902 4359 933 4419 in
955 4377 989 4419 re
1011 4355 1140 4417 carmini
1159 4351 1313 4414 infudisse
1336 4367 1396 4410 nou

146 4467 288 4529 arbitror.
332 4469 480 4530 Attamen
514 4472 573 4529 tria
598 4476 774 4550 temporum
803 4478 835 4530 et
855 4465 1051 4548 popularium
1072 4462 1210 4546 vestigia
1231 4475 1396 4520 remanse-

150 4587 238 4654 runt,
276 4597 404 4656 quorum
427 4580 558 4658 primum
582 4580 631 4654 X,
663 4568 736 4639 201.
759 4578 955 4655 continetur,
988 4564 1042 4635 ubi
1063 4573 1203 4635 Mantua
1223 4570 1309 4629 dives
1331 4570 1399 4626 nnis

150 4685 335 4746 nominatur.
379 4687 481 4747 l'oeta
503 4685 584 4745 enim
608 4684 649 4746 ad
672 4681 923 4745 aris'tocraticam
947 4680 1031 4741 illam
1053 4676 1197 4747 indolem,
1221 4673 1251 4734 ni
1273 4670 1398 4732 onnrino

151 4793 260 4873 fallor,
290 4801 430 4874 spectat.
464 4793 611 4874 ,uelitibus
636 4791 847 4855 Romanorum
873 4786 1075 4850 nobilioribus
1097 4785 1302 4848 vehementer·
1323 4798 1400 4857 pro·
