3022 5234
6 906 16 922 ·
126 828 186 909 XI,
207 825 300 895 asca.

130 214 188 280 tit
628 213 688 272 lie
708 211 870 293 legatis.

150 454 154 459 .
210 401 343 477 Iamque
364 404 554 458 oratores
573 395 710 454 aderant
730 411 775 455 ec·
797 394 875 454 arbe
894 391 1029 474 Latino,

216 507 323 566 Veluti
340 509 440 571 ramis
458 504 556 576 oleae,
576 505 761 579 coriumque
782 506 941 576 repentes.

126 614 188 686 XI,
208 611 288 675 227:

208 718 359 798 choia‘
379 734 533 797 responso
552 718 673 794 ferma.

208 934 323 1015 Adpuc
344 935 396 993 bic
417 933 575 1008 ἱεραῖσι
597 930 712 992 Aetola
732 951 777 990 eo:
794 931 873 991 orte
892 933 1053 1000 remissor,
1081 950 1100 983 u

211 1041 300 1116 Oetae
320 1045 472 1123 reserant,
499 1041 569 1117 fari
587 1037 679 1097 iubet.
724 1076 749 1099 ,,.
870 1076 884 1103 ,.
1137 1070 1144 1099 .

126 1150 184 1226 XI,
206 1148 287 1211 296:

215 1261 282 1320 Vico
304 1277 341 1316 ea
361 1257 500 1331 lopati.
767 1280 824 1315 ,μ
911 1302 933 1341 ,ἱ
989 1282 1040 1316 ..e
1217 1272 1288 1315 ,ut

126 1394 232 1455 Unum
254 1397 318 1473 est,
346 1387 429 1469 quod
451 1387 480 1447 in
503 1385 715 1468 legationibus
738 1383 862 1446 duabus
884 1400 955 1445 cum
980 1383 1124 1445 Romana
1145 1380 1371 1444 eonsuetudme

127 1517 189 1565 troo
213 1513 388 1576 congruere
409 1492 515 1553 video.
566 1490 750 1555 observavi
773 1492 855 1552 enlm
878 1488 960 1570 apud
985 1489 1126 1561 bivium,
1160 1490 1288 1570 legatos
1310 1508 1369 1551 nn·

128 1626 214 1668 mero
239 1615 325 1666 tres
347 1603 459 1665 solitos
481 1619 556 1663 esse
577 1601 659 1664 mitti
683 1619 716 1661 v.
738 1600 854 1682 5111,
877 1597 934 1660 at:
969 1595 1205 1678 ,3Mrsst2tegati
1226 1596 1370 1658 Athenas

129 1717 185 1797 Sp.
209 1714 392 1775 Postumius
414 1709 527 1785 Albus,
551 1711 590 1771 A.
613 1708 766 1788 Manlius,
789 1707 824 1771 P.
849 1706 1013 1788 Sulpicius
1044 1696 1243 1781 Camerinus,
1272 1705 1370 1766 iussi·

127 1841 188 1902 que
210 1822 335 1883 inclitas
355 1821 448 1902 leges
471 1817 602 1881 Solonis
624 1814 806 1877 describere
828 1822 861 1875 et
881 1814 1011 1874 aliarum
1028 1810 1193 1875 Graeciae
1207 1814 1369 1875 civitatum

127 1931 282 2005 instituta,
303 1946 409 1989 mores
429 1928 562 2008 iuraque
584 1922 752 1988 noscere.“
793 1927 859 2002 III,
881 1924 946 1987 50,
970 1926 1165 2000 „Mittuntur
1187 1908 1260 1986 tres'
1274 1922 1371 2004 legati

129 2032 352 2100 consulares.“
394 2035 533 2116 me:
563 2033 821 2115 „Craterumque
843 2052 972 2096 auream
995 2033 1109 2097 donum
1134 2033 1272 2114 Apollini
1295 2030 1370 2092 Del·

127 2146 208 2226 pbos
231 2143 330 2225 legati
352 2146 406 2222 qui
425 2141 558 2220 ferrent,
579 2140 618 2204 Is.
635 2140 792 2212 Valerius,
816 2141 856 2200 [a.
869 2140 1016 2223 Sergius,
1039 2141 1079 2204 Α.
1092 2139 1235 2201 Manlius
1250 2122 1370 2200 missi.“

128 2251 178 2332 I',
208 2252 263 2315 35:
299 2252 444 2334 „Legati
467 2260 534 2313 tres
558 2254 605 2315 Μ.
628 2250 717 2314 Ilabii
739 2249 891 2312 Ambusti
912 2248 968 2309 filii
995 2244 1118 2310 missi“
1161 2248 1287 2329 XXX,
1314 2244 1370 2308 at:

128 2361 294 2444 „Legatos
316 2359 545 2443 Carthaginem
566 2360 604 2421 Is.
627 2352 801 2440 Baebium,
834 2358 873 2418 Ia.
886 2359 1066 2441 Sergium,
1079 2358 1134 2418 ι·Ιι.
1154 2354 1290 2420 Fabium
1314 2373 1371 2417 ex-

128 2471 245 2550 templo
267 2466 389 2530 misit.“
424 2472 552 2552 XXXI,
574 2469 611 2531 2:
632 2469 785 2550 „Interim
807 2467 848 2529 ad
864 2467 1090 2531 Ptolemaeum·
1104 2448 1370 2549 AUgypti.regem

130 2578 225 2659 legati
248 2586 314 2638 tres
337 2575 460 2643 missi.“
502 2572 615 2658 XLII,
644 2577 717 2642 ate
738 2579 801 2661 „In
825 2579 954 2641 (Iratam
975 2581 1070 2640 item
1094 2578 1221 2660 togatos
1242 2560 1310 2639 ires
1330 2577 1374 2646 ire

128 2678 284 2761 placuit.“
334 2683 442 2758 XLII,
474 2687 531 2749 45:
570 2685 674 2767 „Inde
703 2687 822 2767 legatio
850 2687 910 2747 sub
938 2685 1021 2747 idem
1052 2660 1370 2765 turiliasmnstm

130 2793 245 2850 circum
269 2791 387 2852 insulas
408 2796 525 2871 missa3
563 2802 630 2854 tres
662 2802 758 2855 erant
772 2792 906 2874 legati.“
928 2792 1074 2870 ΔΧΗΙΙ,
1101 2791 1136 2854 lt
1155 2790 1372 2871 {illeccrnuut

131 2901 333 2980 trequentes,
363 2905 398 2958 ut
427 2896 650 2978 C.·Sulpicius
671 2887 798 2978 praetor
822 2909 888 2960 tres
911 2918 952 2960 ex
976 2907 1091 2959 senatu
1114 2896 1255 2960 nominet
1277 2899 1371 2980 lega·

131 3005 215 3071 tos.“
258 3006 458 3083 XLIV,'1&
481 3008 519 3067 la.
542 3009 668 3088 epitom.
711 3007 969 3073 Interdnni'vcro
992 3007 1068 3070 dno
1086 3009 1311 3090 mittebantur,
1341 3015 1372 3088 ut

131 3118 221 3192 XXI,
241 3117 270 3176 6.
314 3115 490 3190 [Homerus
512 3132 639 3197 quoqne
661 3116 784 3178 dnobus
804 3117 1015 3196 praeconibus
1038 3115 1166 3196 ubine),
1185 3115 1271 3182 allas
1293 3137 1371 3181 unus

131 3230 202 3287 siue
225 3223 319 3286 dubio
342 3223 395 3284 vcl
418 3224 525 3303 plures
547 3226 652 3288 etiam.
702 3224 805 3286 Varro
837 3224 878 3286 de
906 3226 973 3287 viia
1000 3226 1037 3288 P.
1070 3225 1112 3288 R.
1130 3227 1186 3290 III.
1207 3227 1324 3309 fragm.
1344 3245 1372 3307 p.

93 3369 95 3374 ·
130 3335 201 3398 246.
235 3340 383 3412 quattuor
411 3340 583 3393 memorat:
627 3335 802 3415 „I'etiaIes
837 3335 964 3418 legatos
1002 3334 1170 3418 repetitum
1206 3328 1374 3400 b'rittebant

133 3449 290 3522 quattuor,
312 3458 391 3519 quos
413 3448 604 3501 oratores
626 3439 819 3503 vocabant.“
833 3424 1028 3506 ‘Numerum
1051 3450 1141 3526 veto,
1163 3445 1214 3525 qui
1224 3426 1373 3530 Vergilio

133 3549 265 3628 placuit,
288 3564 442 3626 nusquam
464 3548 592 3608 invenio
621 3547 806 3611 adhibitum.
857 3552 900 3611 At
930 3548 989 3613 ne'
1004 3552 1232 3615 obliuiscamur
1261 3556 1372 3634 poesia

136 3656 279 3717 Maronis
303 3671 377 3714 esse
409 3672 479 3715 eam
507 3653 653 3734 quidem,
688 3674 770 3736 quae
800 3676 902 3719 rerum
925 3667 1088 3740 gestarmn
1109 3660 1316 3725 laudamento
1337 3659 1375 3724 sit

135 3770 356 3841 superstructo
376 3760 479 3840 adque
501 3758 540 3820 ad
564 3778 670 3835 carum
692 3760 806 3825 faciem
829 3763 1032 3847 effigiemque
1054 3767 1152 3848 quasi.
1166 3767 1327 3833 delineata
1345 3778 1375 3831 et

135 3866 329 3943 adumbrata,
350 3867 409 3929 sed
433 3867 542 3948 poesin
565 3879 681 3950 tamen,
705 3889 767 3931 oon
789 3873 961 3936 historiam.
1005 3875 1137 3938 I'oeiam
1165 3877 1262 3959 igitur
1290 3879 1375 3940 arbi-

134 3977 211 4036 trari
233 3976 303 4055 quis
325 3974 448 4055 possit,
472 3974 524 4034 vel
547 3973 587 4036 ad
608 3985 733 4038 centum
756 3977 882 4041 Romuli
904 3992 1072 4045 senatores
1093 3985 1296 4064 respexIsse,
1326 3985 1376 4048 vel

135 4082 308 4160 legatorum
330 4077 455 4139 solituni
477 4098 638 4142 numerum
659 4082 703 4142 ita
724 4084 755 4144 in
777 4090 881 4155 maius
901 4091 1041 4169 auxisse,
1075 4102 1110 4152 nt
1130 4111 1241 4155 verum
1262 4113 1375 4156 nume·

138 4206 205 4246 rum
228 4187 258 4246 iu
281 4203 318 4245 se
339 4187 572 4268 multiplicaret3
610 4210 720 4252 verum
748 4200 856 4256 autem
887 4196 997 4259 decem
1026 4198 1141 4276 fuisse,
1171 4201 1376 4285 insigneshi

136 4299 290 4353 testantur
310 4291 394 4352 Livii
415 4293 475 4355 loci
486 4295 653 4376 XXXIII,
673 4295 728 4358 at:
752 4299 896 4373 „Decem
918 4301 1016 4383 legati
1039 4322 1145 4366 more
1166 4308 1373 4383 malornm,

136 4415 267 4477 quorum
290 4417 331 4459 ex
353 4400 482 4460 consilio
500 4403 536 4462 Τ.
558 4401 725 4480 Quinctius
744 4405 911 4484 imperator
928 4408 1020 4489 leges
1038 4412 1128 4491 pacis
1149 4411 1296 4495 Philippo
1318 4414 1376 4477 da-

136 4514 195 4582 ret,
219 4501 366 4564 decreti.“
410 4506 479 4582 (cf.
503 4508 667 4591 XXXIII,
678 4506 730 4572 80.
752 4509 802 4572 31.
823 4511 873 4577 34.
893 4512 959 4590 39.)
984 4519 1164 4596 XXXVII,
1184 4519 1243 4582 55:
1264 4522 1376 4603 „Qui-

137 4609 197 4669 bus
221 4617 365 4674 omoibus
390 4614 496 4675 datram
520 4625 570 4675 est
592 4635 796 4700 responsum,
833 4619 944 4685 decem
974 4627 1099 4706 legatos
1129 4647 1235 4690 more
1256 4637 1378 4694 maio·

137 4734 218 4778 rum
252 4732 396 4782 senatum
426 4726 592 4784 missurum
617 4726 732 4787 adres
758 4730 855 4789 Asiae
877 4730 1101 4813 IIsceptandas
1121 4743 1378 4820 componendas-
