3022 5234
613 243 671 304 De
692 239 796 302 artis
819 238 1023 320 oporibus.

810 421 932 482 Pocula
950 438 1069 497 ponam

271 532 408 610 lloqina,
434 532 590 592 coelatum
611 533 710 591 divini
727 551 807 610 opus
829 531 1079 591 Alcimedontis:

270 643 375 704 Lento
396 641 510 719 quibus
531 646 620 699 torno
639 639 731 719 facili
755 641 960 717 superaddito
990 640 1063 697 citis

269 751 411 827 Drffireos
433 748 551 807 laedere
571 751 665 806 vestit
681 747 822 824 pollente
843 745 1013 821 corymbos.

269 857 310 916 ln
330 857 429 915 medio
451 857 512 914 duo
530 859 637 936 siqua,
657 854 778 934 Conon,
802 860 833 912 et
853 868 894 897 ‘-
914 857 986 932 quis
1004 854 1069 931 fuit
1090 840 1183 929 oller,

269 965 452 1039 Descripsit
469 963 558 1021 radio
579 967 677 1021 totum
699 966 755 1041 qni
772 963 921 1037 pentilus
942 961 1061 1038 orbem,

274 1071 426 1148 Tempora
448 1089 681 1148 quaereremur,
706 1088 787 1147 qnae
809 1089 923 1129 curvos
944 1074 1053 1127 orator
1071 1063 1224 1127 liaberet?

189 1175 282 1255 erod
306 1177 412 1259 fagina
434 1179 525 1238 Maro
550 1175 641 1257 fingit
662 1177 777 1257 pocula
799 1177 855 1236 viti
876 1173 1058 1254 hederaque
1079 1174 1199 1235 vestita
1220 1169 1285 1244 (cf.
1309 1166 1429 1228 Monu-

188 1287 285 1346 menti
315 1285 419 1346 inediti
448 1283 517 1345 dell’
532 1284 685 1344 institutio
713 1282 894 1362 archeolog.
918 1281 991 1343 Vol.
1012 1282 1068 1341 ΙΙΙ.
1091 1281 1169 1343 'lah
1190 1280 1235 1351 5.)
1256 1277 1431 1360 figurisque

189 1392 332 1455 Cononis
353 1400 385 1452 et
406 1391 534 1453 Eudoxi
556 1393 608 1453 vel
631 1392 833 1478 Archimedis
853 1389 1014 1471 insignita,
1039 1397 1112 1450 ante
1132 1389 1243 1449 oculos
1260 1387 1373 1449 nescio
1389 1405 1429 1448 au

188 1498 338 1560 hahuerit·
353 1500 453 1559 rarius
474 1500 600 1580 aliquod
622 1517 716 1580 opus,
739 1500 886 1580 quamvis
909 1497 1027 1559 Plinius
1051 1497 1094 1557 N.
1117 1497 1157 1557 H.
1181 1495 1283 1574 XVI,
1306 1495 1356 1558 48.
1378 1492 1429 1553 di-

189 1613 255 1684 cet,
279 1624 347 1665 eam
371 1604 513 1666 arborem
537 1605 700 1666 sectilibus
724 1603 846 1664 laminis
867 1594 904 1662 in'
919 1603 1003 1662 tenui
1026 1601 1173 1675 flexilem,
1197 1605 1370 1682 capsisque
1392 1620 1430 1662 ac

188 1710 313 1770 scriniis
335 1713 435 1772 solum
458 1713 568 1773 utilem
590 1730 673 1774 esse.
716 1712 824 1773 Potuit
845 1713 926 1773 euim
938 1711 1125 1774 Alcimedon
1146 1711 1197 1772 ille
1218 1712 1250 1772 in
1270 1712 1325 1774 talu
1347 1730 1430 1792 quo·

189 1835 251 1899 quc
275 1818 570 1899 materiaquaedam
592 1820 716 1900 scalpro
730 1819 863 1880 caelare.
886 1816 984 1879 Addit
993 1820 1168 1881 Damoetas
1179 1817 1293 1900 Eclog.
1305 1816 1428 1897 flata:

271 1927 319 1986 Et
337 1927 427 1985 nolis
448 1928 529 1986 lolem
551 1926 735 1986 Alcimedon
757 1928 817 1986 rluo
837 1928 1056 2008 praecluserit,

272 2034 319 2093 El
338 2033 426 2092 molli
442 2039 595 2093 circumc!
617 2053 716 2094 ansas
737 2035 907 2111 amplexus
929 2034 1077 2104 ocantlro,

273 2141 462 2219 Orpheaque
481 2145 514 2200 in
535 2142 634 2200 medio
652 2145 762 2217 posuit
781 2140 941 2220 silvasque
961 2145 1134 2219 sequentis.

190 2238 262 2338 Alia
283 2281 416 2355 argento
437 2274 559 2335 caelata
579 2272 733 2353 promittit
756 2274 842 2333 lulus
865 2272 919 2348 lX,
944 2271 1021 2335 263:

273 2391 358 2449 Bina
378 2385 455 2445 daho
476 2388 607 2459 arqento
625 2383 768 2459 perfecto
790 2383 892 2459 adque
912 2401 1028 2459 aspero
1049 2385 1155 2459 siquis

272 2495 407 2575 Pocula,
430 2495 551 2552 deuicto
571 2495 696 2567 penitor
716 2509 798 2568 quae
819 2493 902 2563 cepit
921 2489 1049 2550 Arisba.

192 2603 317 2667 Pastori
338 2609 494 2662 nonnata
515 2605 589 2658 suut
610 2616 719 2658 aurum
741 2597 927 2679 lapidesque
949 2598 1018 2662 Cnl.
1039 2602 1095 2663 65:

560 2704 629 2764 Nec
648 2704 763 2781 poculo
781 2709 910 2780 protum

272 2814 407 2874 Alconis
428 2812 569 2890 reserent
589 2813 739 2890 Boelique
760 2817 910 2870 toreuma.

190 2924 241 2984 De
262 2920 377 3002 quibu·
396 2917 568 2979 artificibus
589 2917 648 2978 iam
670 2921 858 2995 interpretes
880 2917 1046 2980 laudarunt
1069 2918 1149 2981 Pliu.
1160 2919 1202 2981 N.
1215 2921 1256 2980 Η.
1271 2921 1431 2997 XXXIV,

193 3030 244 3090 14:
269 3028 348 3087 aust
369 3025 401 3084 in
421 3025 534 3085 eadem
556 3025 633 3084 urbe
655 3024 776 3085 ferreus
797 3027 964 3108 Hercules,
987 3026 1176 3105 quemfecit
1200 3026 1314 3109 Alcon,
1336 3031 1430 3092 laho-

190 3155 257 3197 rum
279 3132 331 3195 dei
352 3131 503 3210 patientia
524 3131 699 3192 inductum
723 3131 878 3211 XXXlll‚
899 3133 958 3193 55:
989 3131 1165 3212 o[lt]xstaut
1192 3133 1287 3196 hodic
1313 3136 1429 3216 opera]

182 3241 304 3304 Boethi
339 3237 421 3319 apud
449 3237 594 3300 Lindiam
621 3241 841 3303 Minerviamn
884 3241 1080 3302 Memoratur
1115 3242 1210 3303 etiam
1238 3242 1269 3303 in
1295 3242 1431 3306 Aeneae

187 3348 290 3427 clipeo
311 3347 401 3425 Vlll‚
423 3345 502 3409 701:
530 3347 664 3406 Mauors
685 3348 825 3407 caelatus
843 3350 942 3424 ferro.
986 3346 1080 3425 Quod
1102 3366 1121 3408 o
1142 3347 1228 3410 ferro
1249 3347 1328 3412 dixit
1350 3370 1430 3414 cae-

186 3455 304 3532 latum,
328 3456 395 3516 eius
417 3455 462 3514 rei
484 3457 602 3517 rariora
622 3463 694 3515 acite
717 3454 827 3515 oculos
848 3459 949 3535 potuit
975 3454 1093 3518 habere
1122 3454 1287 3535 exempla3
1314 3458 1434 3519 etenim

186 3582 248 3625 uon
270 3563 374 3624 solum
395 3561 530 3622 ferreum
552 3562 634 3623 illum
652 3559 823 3623 Herculem
845 3572 999 3626 memorat
1013 3563 1134 3623 Plinius
1156 3563 1198 3640 N.
1215 3560 1255 3622 H.
1267 3562 1432 3642 XXXIV,

188 3670 235 3731 14.
257 3687 314 3730 aes
335 3669 518 3749 ferrumque
539 3670 671 3730 mixtum
693 3671 733 3731 ab
755 3671 960 3754 Aristonus,
993 3671 1052 3733 sed
1073 3671 1175 3734 addit:
1210 3672 1273 3733 „lut
1304 3669 1431 3733 Romae

188 3773 332 3855 scyphos
353 3793 372 3834 e
394 3776 478 3834 serm
503 3772 628 3836 dicatos
659 3777 828 3857 intemplo
858 3778 971 3840 Mortis
995 3778 1141 3842 Ultoris«
1183 3782 1301 3862 Neque
1332 3796 1432 3860 prae·

186 3879 340 3942 tereunda
360 3898 434 3942 esse
455 3881 529 3942 duxi
550 3885 630 3943 Aen.
654 3886 686 3966 1,
707 3885 784 3946 640:
1044 3877 1051 3933 l

266 3990 386 4066 lnqens
407 3997 574 4065 arpentum
595 3996 713 4052 mencio
736 3994 922 4076 caelataque
942 4000 977 4057 in
999 4018 1099 4060 auro

267 4094 380 4157 Fortia
396 4097 489 4173 facto
509 4104 648 4174 patrum.

183 4206 227 4287 V,
249 4206 328 4269 307:
350 4208 573 4287 caelatamque
595 4216 762 4284 arpenta
784 4211 956 4293 bipinnem,
988 4229 1081 4292 porro
1103 4207 1181 4273 536:
1212 4209 1351 4276 Cratera
1373 4219 1428 4275 in·

179 4334 328 4393 pressum
348 4317 461 4391 siquis,
486 4315 524 4386 ll,
547 4313 622 4377 765:
644 4314 795 4388 Crateras
818 4338 895 4378 auro
917 4319 1045 4400 solidos,
1066 4321 1126 4400 ΙΙΙ,
1149 4319 1226 4382 466:

263 4424 384 4499 lnqene
405 4427 573 4497 arpentum
592 4423 841 4504 Dodonaeosque
862 4425 989 4487 lebetae.

183 4532 313 4592 Aeneas
334 4527 378 4605 V,
397 4528 479 4589 266:

269 4639 372 4698 Tertio
397 4639 479 4697 dona
495 4638 580 4725 facit
597 4640 739 4713 qeminos
760 4659 804 4700 eor
825 4660 898 4702 aere
920 4640 1049 4723 lebetas,

263 4743 452 4823 Opmlioquc
472 4752 602 4822 arqerrto
621 4747 765 4826 perfecto
786 4748 888 4827 adque
911 4768 1028 4826 aspera
1048 4753 1158 4827 siquis.
