3022 5234
133 262 176 324 84
334 274 341 313 l
404 254 467 328 lle
486 267 698 352 pharetra,
720 272 892 354 sagittis
915 291 1110 357 arcuque.

134 443 260 527 gladius
281 447 334 508 vel
356 448 453 530 pugio
475 449 678 532 cogitandus,
690 451 734 512 ita
756 461 791 514 ut
811 443 845 513 ‘eh
866 441 923 515 ded
944 449 1035 516 danie
1055 456 1096 518 sit
1117 455 1318 518 statuendum
1335 489 1377 502 -

133 573 214 615 veru
236 556 318 617 enim
351 575 372 618 a
392 576 543 622 mucrone
573 577 699 641 semper
731 560 888 624 distat-
910 562 969 626 sed
991 565 1084 626 hasta
1108 565 1298 628 Samnitium
1319 572 1370 625 est

132 661 362 743 intelligenda,
379 665 430 730 Cf.
452 667 584 729 Paullus
607 688 648 729 ex
672 670 785 732 ll'estoz
823 673 1013 754 „Samnites
1036 675 1076 737 ah
1097 675 1371 754 hastis‘appellati

133 780 225 852 sunt,
248 790 328 851 quas
351 771 470 835 Graeci
490 763 604 835 σαύνια
625 778 784 856 appellant
792 797 802 858 3
824 778 882 841 has
904 782 985 842 enim
1008 781 1082 842 ferri
1105 783 1224 844 assueti
1249 779 1375 844 erant.“

132 882 251 956 (Poeta
274 880 395 964 Georg.
425 886 466 959 ll,
500 885 566 950 los,
610 887 740 948 Volscos
774 895 900 949 verutos
928 895 1116 960 memorat.)
1159 889 1262 967 Quum
1296 908 1376 950 vero

132 990 244 1052 eodem
265 997 349 1053 teste
378 1001 490 1053 veruta
512 993 573 1072 pila
600 992 764 1064 dicamur,
795 994 878 1075 quod
901 998 999 1057 veluti
1021 1015 1122 1058 verua
1142 997 1258 1058 hahent
1280 1016 1374 1079 prae·

132 1099 206 1175 lixa,
231 1100 392 1162 coniicere
413 1101 531 1181 poteris
553 1121 633 1163 veru
656 1103 816 1165 Sabellum
840 1104 934 1184 pilum
958 1123 1053 1186 esse,
1074 1105 1119 1166 ita
1140 1114 1173 1166 ut
1194 1107 1274 1168 alter
1295 1125 1373 1167 ver·

131 1225 188 1269 sus
209 1208 319 1270 eadem
355 1227 445 1270 arma
465 1209 632 1292 exhibeat,
665 1230 748 1292 quae
776 1212 878 1291 prior,
924 1220 1018 1292 atque
1048 1216 1173 1294 integra
1215 1217 1375 1275 sententia

130 1316 320 1376 aliisvcrbis
343 1319 480 1379 iteretur.
513 1319 649 1379 Servius
670 1330 837 1382 memorat:
858 1319 1026 1401 „Etmulti
1043 1308 1163 1394 uolunt,
1184 1340 1241 1400 per
1255 1329 1374 1383 teretes

130 1443 300 1486 mucrones
322 1424 454 1487 dolones
475 1423 552 1501 dici,
575 1446 630 1507 per
652 1446 732 1487 veru
755 1427 919 1489 Sabellum
942 1428 1002 1508 pila
1027 1424 1232 1508 significari.“
1277 1428 1375 1490 Atta-

130 1552 203 1596 men
232 1536 295 1596 tale
322 1523 356 1593 ‘eh
385 1521 441 1593 dael
469 1528 560 1595 doato
588 1535 804 1614 Vergilianum
843 1555 882 1598 ac
911 1538 978 1599 lere
1009 1537 1184 1599 Romanurn
1217 1554 1294 1599 esse
1319 1538 1374 1598 vix

128 1643 237 1707 credo.
279 1641 335 1703 Nil
354 1642 448 1725 igitur
467 1650 584 1716 restat,
615 1643 672 1702 nisi
695 1651 730 1703 ut
750 1652 938 1716 statuamus,
960 1663 1073 1705 revera
1095 1651 1242 1725 quattuor
1263 1662 1372 1705 armo·

130 1769 196 1811 rum
219 1769 340 1832 genera
360 1769 380 1810 a
399 1749 592 1830 poetahisce
612 1752 736 1829 populis
758 1751 858 1818 tribui.
871 1751 978 1833 pilum,
1000 1751 1084 1832 quod
1105 1753 1242 1826 mittitur,
1261 1750 1372 1815 deiude

129 1859 274 1920 dolonem
298 1859 462 1933 minorem,
486 1874 668 1918 mueronem
690 1858 849 1936 maiorem,
866 1858 988 1918 hastam
1003 1860 1138 1938 denique
1154 1859 1370 1927 Samniticum.

129 1972 166 2030 ln
186 1968 399 2031 monumentis
419 1969 534 2029 milites
559 1967 691 2031 Romani
713 1967 874 2029 exercitus
895 1968 1026 2048 saepius
1044 1969 1135 2029 vides
1157 1967 1284 2029 duobus
1298 1989 1368 2031 mu·

129 2077 278 2139 cronihus
300 2072 510 2156 magnitudine
532 2072 668 2135 diversis
688 2075 741 2135 vel
762 2076 834 2134 ensi
855 2094 894 2137 ae
915 2092 1065 2136 mucrone
1086 2082 1235 2136 armatos.
1271 2077 1321 2140 lta
1340 2079 1370 2139 in

129 2187 254 2248 duobus
275 2184 433 2264 lapidibus
456 2187 556 2244 musei
578 2183 757 2244 Bounerrsis
776 2183 943 2261 antiquarii
964 2181 1117 2245 Rhenani.
1156 2181 1242 2246 Vide
1263 2186 1369 2264 pictu-

127 2312 195 2355 ram
219 2294 247 2352 in
274 2291 476 2372 Centralmus
510 2291 616 2352 rheinl.
651 2289 836 2351 Inschristeu
859 2292 902 2368 11,
918 2290 967 2352 42.
989 2300 1021 2353 et
1042 2291 1289 2372 descriptionem
1311 2290 1370 2365 dl„

133 2400 334 2482 Saepissime
353 2420 431 2464 vero
453 2401 546 2463 vides
567 2402 598 2462 iu
620 2399 766 2462 columna
789 2399 936 2461 Traiana.
961 2452 964 2457 .

702 2614 737 2708 p.
758 2623 808 2686 a.

405 2775 463 2835 lie
481 2781 691 2850 pharetra,
709 2777 873 2844 aaglttls
891 2785 1086 2846 arcuque.

214 2948 320 3009 Minus
348 2949 492 3010 honorati
521 2949 604 3028 apud
637 2949 811 3008 Homerum
846 2947 938 3008 Locri
965 2952 1129 3026 apparent,
1161 2943 1214 3025 qui
1244 2943 1371 3024 sagittis

130 3060 253 3117 eminus
274 3065 426 3139 puguant.
469 3057 589 3118 Mansit
610 3076 687 3117 vero
717 3057 800 3136 apud
830 3057 981 3138 plurimos
1010 3052 1206 3134 antiquitatis
1236 3053 1371 3133 populos

129 3162 349 3243 pharetrae
376 3163 478 3225 horres
505 3174 537 3224 et.
565 3182 660 3237 usus,
694 3165 736 3224 ila
765 3171 797 3224 ut
819 3164 845 3223 si
870 3161 994 3242 quaudo
1017 3161 1075 3240 ipsi
1097 3175 1174 3220 arcu
1196 3178 1258 3225 uon
1283 3167 1371 3221 erant

128 3268 289 3349 insigues,
318 3268 518 3334 harbarorum
542 3271 726 3351 sagittarios
748 3276 959 3330 arcesserent.
1005 3266 1195 3332 Praesertim
1226 3269 1374 3331 fabulosa

129 3377 180 3437 illa
204 3379 403 3439 Amazonum
426 3394 504 3457 gens
528 3374 587 3436 hac
616 3382 685 3435 arte
715 3382 782 3433 erat
812 3373 980 3434 celebrata.
1033 3374 1110 3435 lude
1139 3377 1268 3436 Aeneas
1296 3394 1372 3454 pro-

131 3484 218 3562 ponit
241 3483 423 3543 certaminis
444 3484 616 3561 praemium
639 3482 751 3541 vrctori
773 3480 862 3540 alteri
887 3478 931 3559 V,
954 3477 1033 3541 all:

213 3590 471 3652 Amazoniam
490 3589 726 3664 pharetram
747 3588 936 3665 plenamque
957 3592 1084 3664 sapittrir

220 3698 385 3777 Threiciis,
407 3698 470 3759 lato
492 3715 586 3775 quam
608 3695 887 3771 circumplectitur·
902 3714 979 3754 auro

138 3806 140 3810 ⁴
218 3806 359 3880 Balteus,
381 3812 414 3864 et
432 3809 525 3867 tereti
544 3806 702 3864 subnectit
718 3803 815 3880 fibula
833 3823 966 3878 pemmo.

132 3914 258 3978 Troiani
277 3914 428 3974 mirantur
450 3911 571 3973 Volsca
592 3911 632 3972 de
654 3919 753 3991 geute
776 3909 942 3971 Camillam
968 3910 1041 3994 Vll,
1062 3910 1143 3979 816„
1169 3931 1250 3992 quae
1278 3915 1370 3995 quasi

134 4026 334 4085 Amazonum
359 4021 506 4083 Italarum
528 4019 592 4081 dux
611 4028 642 4080 et
665 4021 774 4101 regina
800 4027 867 4079 est:

419 4126 583 4204 Lyciam
604 4134 641 4187 ut
658 4135 753 4204 perol
772 4134 843 4203 ipsa
862 4131 1115 4206 pharetram.
1214 4202 1218 4207 ¹

134 4242 186 4302 uhi
208 4258 322 4301 revera
343 4240 449 4319 populi
473 4238 653 4322 orientalis,
687 4257 747 4297 nou
771 4237 881 4297 ltalia
904 4244 997 4317 poeta
1020 4255 1107 4297 arma
1128 4245 1204 4299 suut
1225 4238 1371 4303 indicata
1399 4211 1403 4221 ⁸

133 4354 238 4413 Arcas
258 4349 341 4409 enim
362 4345 512 4406 Evander
535 4344 575 4405 de
598 4345 740 4406 Anchise
762 4355 868 4406 narrat
889 4344 982 4417 vlll‚
1007 4344 1083 4405 loo:

216 4457 278 4520 Ille
298 4455 378 4516 milri
396 4457 554 4528 luetqnem
574 4454 760 4526 pharetram
781 4452 812 4514 L
817 4459 884 4531 yet
895 4473 1002 4532 ‘seque
1022 4459 1114 4531 oapi
1121 4461 1207 4515 ttae

216 4565 394 4626 Discedens
415 4559 675 4636 chlamydemque
695 4578 774 4619 auro
795 4562 883 4620 aella
901 4565 1115 4622 interteetam.

136 4701 185 4761 De
209 4697 293 4760 Indis
317 4699 358 4758 cf.
381 4695 504 4776 Georg.
528 4696 565 4770 ll,
593 4695 667 4756 125:

217 4809 363 4883 Elaeus
385 4808 442 4867 illa
464 4808 587 4886 quidem
608 4808 744 4883 sumptis
764 4825 827 4866 uon
850 4809 942 4866 larda
961 4809 1190 4886 pharetris.
1210 4838 1213 4847 ·
