3022 5234
615 215 671 279 De
693 212 928 281 nominibus.
1332 205 1392 276 231

149 408 202 471 ubi
224 426 286 468 non
308 421 470 466 nnmerum
492 401 607 480 sotum,
628 396 686 459 sod
709 405 848 458 aetatem
869 395 1036 475 aequalem
1058 410 1077 452 e
1098 390 1222 453 luxurie
1243 389 1294 450 sui
1308 397 1393 450 tem-

149 517 238 595 poris
269 520 363 595 poeta
391 507 514 571 videtur
541 505 762 584 descripsisse.
804 503 969 563 Numerus
992 496 1118 581 quoque
1140 498 1330 579 aliquantum
1353 496 1392 557 ab

150 619 330 683 Homericis
352 615 412 681 od.
434 615 509 690 Vn,
539 611 608 674 104.
630 628 698 693 sqq.
722 609 827 671 differt
834 655 843 685 ,
872 626 968 689 quum
983 605 1144 686 Vergilius
1165 607 1394 689 quinquaginta

101 800 104 806 ,
149 728 303 793 addiderit
325 734 451 787 centnm
474 721 611 784 iemuias
633 727 828 807 centumque
850 717 1019 777 ministros.
1062 711 1187 776 Adsunt
1208 715 1304 796 igitur
1324 715 1392 774 sal-

150 844 215 899 tem
237 834 367 896 ducenti
394 828 620 910 quinquaginta
647 823 853 904 apparitores.
896 819 992 883 Servi
1021 836 1202 900 servaequo
1229 820 1393 883 cubicula-

148 963 203 1007 m
223 941 398 1005 inuentus
418 905 615 1030 nrronrsE
646 930 722 995 am:

350 1047 542 1124 Suscipiunt
558 1042 711 1124 famulae,
734 1039 948 1116 conlapsaque
969 1035 1107 1097 mandre

230 1158 412 1221 Mamerco
437 1159 585 1237 referunt
602 1152 741 1214 thalamo
763 1152 937 1226 stratisque
954 1151 1119 1224 reportant.

140 1265 259 1331 ‚Latini
281 1266 374 1346 Vlii,
394 1264 474 1328 584:

135 1431 139 1439 .
336 1430 340 1436 .
441 1371 573 1436 named
591 1369 777 1446 conlapsum
799 1367 833 1425 in
853 1369 935 1425 tecta
952 1363 1106 1443 serebant.

147 1480 243 1545 Aliud
262 1481 449 1545 famularum
471 1479 609 1542 officium
631 1473 818 1539 describitur
839 1473 871 1535 iu
892 1471 1127 1561 comparatione
1139 1471 1193 1535 iiia
1206 1469 1392 1535 dulcissima

147 1587 190 1651 de
209 1597 352 1657 mamona
372 1590 516 1671 integras
538 1593 651 1647 noctes
674 1581 828 1663 vigilante
851 1579 947 1655 vlu,
966 1578 1044 1643 411:

229 1699 362 1759 Noctem
382 1698 503 1757 eddone
522 1697 611 1774 operi
623 1690 829 1774 famulaeque
850 1688 894 1747 ad
913 1687 1035 1749 lumina
1056 1687 1150 1763 lonae

232 1808 380 1872 Exercet
395 1826 505 1884 penso.

147 1917 236 1981 Talis
257 1917 407 1995 famniae,
429 1934 511 1996 quae
525 1918 681 1979 textrinae
696 1935 810 2000 gnere,
833 1923 883 1979 est
904 1914 1001 1976 etiam
1020 1913 1083 1975 aiie
1108 1912 1223 1977 mentio
1246 1909 1292 1992 V,
1313 1908 1389 1973 act:

231 2024 299 2087 0111·
318 2045 410 2084 cerno
432 2027 537 2105 datter,
559 2045 687 2100 operum
710 2026 800 2087 deod
817 2029 933 2099 ignoro
952 2022 1121 2082 Minervae

230 2131 348 2195 Creten
364 2149 481 2209 penae,
502 2133 632 2207 Pholoe,
650 2137 832 2212 pernicique
852 2133 912 2192 eud
932 2130 1026 2191 redere
1046 2133 1124 2192 acti.

733 2360 767 2449 q.
790 2366 866 2429 rs«

613 2518 673 2573 Dc
690 2519 940 2574 nominibus.

141 2732 144 2743 .
227 2690 336 2751 Pauca
356 2687 397 2749 de
419 2689 594 2750 nominibus
615 2695 690 2748 snut
711 2687 885 2770 monenda,
921 2706 1019 2770 quum
1040 2687 1201 2768 posterius
1222 2688 1387 2751 Romano·
1432 2749 1437 2755 .

126 2817 214 2882 ulrum
241 2797 334 2858 trium
361 2795 522 2856 nominum
553 2795 728 2856 institutum
759 2802 855 2874 poeta
881 2812 1078 2876 nequaquam
1101 2795 1229 2858 carmini
1250 2796 1388 2876 potuerit

144 2905 314 2974 intrudere.
369 2902 506 2965 Videtur
534 2910 639 2966 temen
666 2914 700 2965 et
727 2903 812 2985 apud
839 2903 984 2968 Graecos
1011 2911 1044 2964 et
1071 2901 1237 2966 Romanos
1266 2903 1297 2964 in
1325 2920 1388 2964 usu

144 3014 267 3093 fnisse,
299 3019 334 3073 ut
355 3011 408 3072 avi
431 3030 546 3073 nomen
567 3011 674 3092 nepoti
696 3009 930 3075 concederetur.
983 3009 1034 3073 cf.
1058 3011 1216 3091 spartian.
1238 3011 1386 3073 Antonin.

146 3117 224 3184 Get.
243 3122 280 3182 22
310 3115 417 3182 »Geta
438 3127 545 3182 autem
569 3117 671 3181 dictus
694 3129 745 3180 cst
765 3118 819 3180 vel
841 3137 861 3179 a
881 3118 983 3199 patrui
1004 3116 1145 3194 nomine,
1169 3117 1223 3181 vei
1250 3119 1303 3179 avi
1325 3136 1386 3199 pa·

143 3228 253 3290 ternio
297 3226 374 3288 Inde
395 3228 426 3288 in
451 3228 565 3289 'l'roiae
587 3228 660 3290 iudo
683 3229 725 3308 V,
747 3226 826 3289 564:

225 3336 350 3398 Nomen
371 3337 424 3394 ani
442 3337 586 3415 referem
606 3336 766 3396 Priamus.

142 3441 305 3506 Eumedes
325 3441 403 3519 XII,
422 3437 500 3504 sss:

224 3551 362 3611 Nomine
382 3570 470 3625 noqm
490 3552 643 3630 referens,
667 3556 772 3613 animo
793 3555 999 3632 mercidusque
1016 3558 1191 3630 parentem.
1388 3606 1391 3611 .

143 3655 194 3718 cf.
217 3658 311 3718 Serv.
332 3655 372 3719 ad
395 3658 477 3721 Aen.
497 3657 557 3738 IX,
580 3656 661 3720 scae
682 3658 770 3720 »Suo
790 3663 928 3720 moriem
948 3661 1006 3720 dot
1023 3661 1138 3720 dedere
1161 3664 1282 3742 nepoti,
1314 3661 1384 3724 tte-

141 3765 237 3840 mulo,
258 3785 352 3846 qnem
373 3784 469 3845 supra
491 3785 553 3826 evo
576 3772 798 3846 cognominem
818 3766 987 3832 diximus«

224 3873 347 3937 Deinde
368 3876 463 3935 otiam
486 3859 630 3952 cedema
652 3875 807 3956 quaedem
829 3884 1053 3950 memorantur,
1083 3873 1142 3937 sed
1166 3875 1294 3938 rariora.
1341 3876 1385 3938 Ut

139 3979 224 4039 enim
239 3968 450 4065 Ἀλέξανδρος
470 3981 565 4057 etiem
580 3967 698 4065 Πάρις,
718 3983 762 4045 ite
776 3982 863 4044 iulus
884 3980 967 4045 idem
988 3985 1041 4063 qni
1061 3983 1231 4050 Ascanius.
1252 3993 1278 4072 Ι,
1301 3989 1383 4051 267:

223 4089 271 4150 At
288 4109 369 4167 puer
386 4090 562 4175 Aecamoe,
584 4097 637 4156 cui
652 4111 740 4155 nane
761 4113 933 4172 coecorum
955 4095 1028 4157 Iule

222 4198 372 4260 Additur.

140 4303 262 4366 Dicitur
281 4322 375 4384 porro
397 4304 452 4379 IX,
476 4305 556 4367 592:

221 4408 386 4470 Ascanius
403 4412 582 4491 fortemque
600 4431 699 4474 mene
719 4415 845 4494 sedatae
865 4415 1061 4497 Nmnenum,

223 4515 440 4585 Ordllemule
460 4539 634 4596 coynomen
654 4529 733 4582 erat.

136 4621 208 4687 Sed
227 4621 343 4685 taliae
363 4623 595 4689 scammonia
615 4627 739 4710 potius,
768 4648 862 4713 quam
883 4650 904 4693 e
926 4633 1120 4715 popularium
1141 4634 1270 4718 antiqno
1292 4653 1384 4698 more

129 4730 248 4799 tursio
265 4737 372 4812 poeta
