3022 5234
710 1477 744 1570 §-
766 1484 816 1548 ee.

248 1641 456 1710 voramus
474 1639 575 1709 until
592 1639 642 1694 de
660 1640 748 1707 deu,
765 1640 933 1710 mundo,
952 1639 1043 1697 fato
1060 1636 1250 1695 senserit.

217 1811 351 1875 Poetam
373 1830 434 1872 nou
458 1810 501 1872 illi
527 1809 739 1891 superstitioni
768 1809 978 1887 adhaesisse,
1000 1827 1062 1891 qua
1083 1808 1175 1889 plebs
1195 1808 1378 1873 innumeros

138 1920 218 1983 deos
239 1940 294 2001 per
318 1939 440 1983 omnem
461 1927 602 1982 naturam
628 1917 763 1982 diffusos
784 1921 1027 1999 innumerasque
1048 1916 1088 1978 de
1111 1915 1172 1978 diis
1196 1915 1382 1999 deabusque

136 2029 260 2091 fabulas
282 2027 538 2109 amplectebatur,
560 2031 617 2089 vix
639 2038 690 2090 est
713 2027 794 2109 qnod
818 2027 1089 2104 demonstremus,
1123 2042 1219 2105 quum
1242 2026 1383 2106 Augusti

136 2139 208 2200 talis
232 2137 325 2198 fuerit
342 2148 444 2218 aetas,
467 2155 528 2217 qua
549 2135 747 2217 philosophia
762 2132 903 2216 Graeca,
926 2133 1084 2211 Epicurea
1100 2135 1288 2212 praesertim
1302 2134 1382 2198 duce

136 2245 310 2329 Lucretio,
334 2249 508 2331 Stoicaque
529 2247 672 2328 pluribus
696 2246 879 2308 auctoribus
902 2245 1027 2306 liberius
1045 2242 1084 2304 de
1101 2244 1245 2304 omuibus
1255 2244 1382 2325 Olympi

135 2332 314 2416 numinibus
342 2356 485 2439 cogitare
518 2354 704 2418 eruditiores
727 2352 903 2432 docuisset,
926 2348 1020 2431 quam
1043 2349 1081 2411 de
1104 2348 1200 2410 medii
1222 2352 1296 2411 aevi
1318 2354 1380 2412 mi-

134 2463 252 2524 raculis
278 2464 443 2546 sacrisque
473 2462 714 2524 narratiunculis
736 2463 912 2541 politiores,
927 2461 1141 2539 proterviores
1162 2458 1203 2519 de
1225 2460 1379 2542 religione

136 2569 318 2633 Christiana
339 2571 432 2634 hodie
452 2570 592 2633 indicare
613 2569 724 2630 solent
758 2568 826 2629 Sed
849 2567 921 2628 talis
933 2576 1025 2627 enata
1043 2574 1112 2628 erat
1123 2566 1281 2629 hominum
1298 2585 1379 2629 con-

133 2678 269 2740 suetudo
290 2697 391 2760 seque
412 2677 541 2760 gerendi
564 2679 657 2759 ratio,
680 2686 713 2738 nt
732 2695 826 2739 sacra
850 2675 975 2756 quidem
996 2675 1122 2755 publica
1145 2695 1207 2736 uon
1229 2675 1377 2758 neglige-

133 2795 225 2867 rent,
247 2788 363 2868 quippe
392 2786 505 2868 quibus
532 2805 624 2847 omne
660 2785 813 2846 sollemne
840 2785 1003 2864 imperium
1039 2791 1126 2843 esset
1149 2790 1312 2862 ornatum,
1344 2783 1376 2842 in
1432 2857 1449 2869 x·

90 2900 93 2911 '
134 2894 329 2955 orationibus
357 2896 503 2977 publice,
537 2895 568 2955 in
602 2894 800 2954 sermonibus
828 2909 900 2953 cum
932 2891 1085 2952 uxoribus
1115 2891 1282 2972 liberisque
1312 2890 1372 2951 ha-

132 3001 209 3064 bitis
232 3001 360 3064 deorum
382 3003 509 3064 nomina
529 3010 562 3064 et
583 3004 803 3063 anctoritatem
828 3018 903 3080 prae
923 3019 959 3060 se
981 2999 1108 3073 ferrent,
1130 3001 1210 3060 inter
1230 2998 1376 3080 philoso-

131 3109 290 3190 phandum
320 3129 432 3172 verum
463 3110 517 3172 vel
543 3128 613 3172 cum
641 3110 751 3171 amicis
778 3107 960 3168 cultioribus
981 3106 1243 3171 confabulandum
1266 3130 1375 3175 veram

132 3218 227 3280 animi
256 3218 444 3279 seutentiam
474 3218 514 3279 de
539 3237 602 3279 uuo
632 3218 692 3279 deo
714 3217 870 3278 mundano
892 3217 945 3278 vel
968 3216 1007 3277 de
1029 3217 1095 3278 fato
1118 3220 1222 3279 omnia
1243 3230 1375 3304 regente

130 3325 310 3407 proderent.
353 3327 482 3405 Quanta
500 3331 529 3390 iu
551 3328 601 3391 his
624 3332 718 3393 fuerit
738 3332 866 3392 libertas
889 3350 928 3393 ac
951 3351 1053 3411 paene
1074 3332 1217 3412 licentia,
1240 3328 1374 3390 Cicero·

131 3438 180 3499 uis
202 3438 331 3518 scripta,
355 3439 503 3512 Lucretii,
528 3440 662 3514 lloralii,
681 3438 800 3500 Manilii
822 3441 917 3500 etiam
941 3439 1115 3521 Ovidiique
1138 3441 1277 3503 carmina
1296 3455 1374 3517 per-

131 3546 242 3627 spicue
264 3545 434 3608 declarant
478 3546 544 3611 Sed
566 3549 642 3609 talia
664 3567 706 3609 ex
726 3548 787 3608 illis
808 3549 912 3628 poetis
926 3567 1038 3609 eruere
1059 3548 1141 3608 satis
1156 3547 1286 3609 arduum
1307 3546 1374 3620 erit,

131 3655 159 3714 si
184 3673 246 3713 non
276 3663 364 3716 recta
394 3657 448 3716 via
476 3655 573 3716 libere
603 3673 682 3736 qnae
711 3657 851 3716 sentiunt
879 3656 1097 3735 profiteantur.
1146 3655 1220 3716 Huc
1247 3649 1374 3715 accedit

130 3762 309 3822 reverentia
339 3770 371 3822 et
400 3761 503 3841 pietas
534 3750 689 3842 quaedam
723 3782 800 3844 erga
828 3763 1013 3847 religionem
1043 3783 1166 3824 omnem
1196 3764 1366 3842 antiquam,

130 3867 235 3928 arrimo
256 3867 393 3930 humano
414 3869 520 3930 insita.
564 3870 693 3955 Verum,
718 3870 800 3953 quod
821 3871 975 3934 interdum
995 3872 1119 3956 quidem
1141 3872 1251 3955 fallax,
1274 3889 1371 3931 unum

129 3983 182 4035 est
204 3974 431 4058 adiumentum,
455 3979 482 4039 si
509 3980 704 4058 propositum
732 3980 941 4061 tetigerimus,
964 3980 1190 4055 firmissimum,
1215 3987 1267 4060 ut,
1287 3996 1370 4058 quae

129 4082 225 4144 tacita
255 4094 287 4145 et
308 4089 402 4166 quasi
426 4087 496 4146 velo
520 4096 604 4147 tecta
626 4090 774 4148 versibus
796 4087 920 4150 condita
941 4090 1075 4151 subsunt
1098 4106 1116 4151 e
1136 4087 1268 4172 singulis
1290 4106 1369 4147 ver·-

129 4187 626 4271 bissententiisqueeliciamus,
657 4196 770 4275 inquo
792 4193 868 4254 illud
893 4189 1004 4255 tamen
1020 4196 1195 4256 cavendum
1221 4194 1296 4266 erit,
1328 4209 1369 4251 ne

126 4309 333 4378 praepostera
355 4299 486 4379 quadam
509 4302 652 4382 opinione
671 4304 814 4381 occupati
835 4300 876 4362 dc
898 4313 1012 4382 poetae
1034 4313 1139 4365 mente
1159 4303 1221 4362 iam
1243 4306 1366 4359 statue-

128 4407 243 4488 rimus,
272 4409 453 4489 priusqnam
475 4410 579 4471 omnia
600 4410 668 4469 eins
691 4408 773 4471 dicta
795 4429 1023 4492 personasque,
1045 4398 1176 4491 quarum
1200 4408 1245 4468 ori
1266 4407 1368 4467 tribn-

127 4524 235 4595 uutur,
258 4514 529 4596 perpenderimus,
554 4517 703 4596 vitaeque
725 4519 792 4578 eius
815 4517 1039 4600 doctrinaeque
1061 4518 1166 4580 studia
1188 4533 1367 4598 perspexe-

128 4624 234 4683 rimus.
278 4621 370 4700 Quos
398 4623 479 4683 enim
508 4623 536 4683 in
570 4622 767 4704 philosophia
805 4623 948 4686 babuerit
983 4627 1117 4703 scriptor
1152 4626 1367 4706 uuusquisque

128 4729 293 4807 doctores,
316 4749 396 4812 quoa
417 4730 512 4793 libros
533 4732 660 4813 legerit,
683 4733 790 4815 magni
812 4750 890 4793 sanc
913 4743 964 4793 est
986 4734 1146 4792 momenti.

1102 4848 1157 4908 qa
