3022 5234
489 230 544 292 De
567 249 713 294 corona
740 212 1001 313 sceptroque.

649 414 791 496 colloque
812 417 962 478 monile

210 502 377 562 Pacatum.

131 609 225 690 Quod
254 608 399 692 quamvis
425 625 504 669 sane
537 606 640 687 possit
667 623 782 667 revera
806 622 882 667 esse
903 606 946 666 nil
967 604 1028 665 nisi
1050 612 1181 666 ornatus
1202 606 1369 681 femineus,

129 721 229 802 qualis
252 738 295 779 -ν,
323 736 355 799 g.
384 717 417 775 in
447 712 564 774 tabulis
596 711 798 792 Pompeianis
830 711 964 772 inveniri
986 710 1081 791 solet,
1113 719 1254 774 attamen
1277 732 1373 795 quum

130 822 416 904 cetera‘tantopere
434 838 506 882 oum
526 821 577 899 iis,
600 836 683 899 quae
703 816 787 898 apud
810 818 937 879 Livium
958 817 1136 897 frequentia
1157 821 1219 881 sint
1241 840 1374 883 munera

134 945 168 997 et
188 933 337 1015 insignia
358 929 498 1014 regalia,
529 927 730 1008 conspirent,
760 927 872 988 nescio
902 944 943 987 an
970 925 1093 1006 torquis
1123 925 1155 986 in
1186 928 1288 988 animo
1316 929 1373 990 fu-

128 1049 188 1110 erit
209 1055 334 1128 poetae,
360 1062 453 1124 quem
476 1039 607 1122 regibus
630 1057 692 1099 nou
712 1056 785 1098 raro
816 1044 950 1098 senatus
972 1043 1023 1096 est
1042 1036 1185 1118 largitus.
1229 1034 1280 1100 cf.
1299 1036 1373 1097 Liv.

128 1150 252 1226 XLIV,
275 1149 334 1230 iai,
357 1147 408 1209 nbi
429 1147 498 1226 regi
520 1141 685 1205 Gallorum
707 1143 827 1203 Balano
848 1145 1007 1222 torquis
1027 1158 1146 1203 aureus
1174 1139 1236 1202 duo
1259 1139 1374 1222 pondo,

131 1263 251 1336 XLIII,
274 1259 317 1339 5.,
340 1258 394 1318 ubi
417 1255 541 1316 duobus
564 1252 711 1314 fratribus
734 1251 852 1333 regulis
874 1259 1049 1331 torques
1072 1250 1144 1311 duo
1167 1267 1209 1310 ex
1232 1248 1373 1330 quinque

130 1371 237 1457 pondo
259 1369 327 1433 auri
348 1367 424 1428 facti
444 1365 618 1426 mittuntur.
661 1360 782 1423 Verum
806 1377 902 1440 quum
923 1359 956 1420 hi
979 1357 1062 1421 Galli
1089 1358 1162 1438 sint,
1186 1358 1269 1438 apud
1291 1376 1372 1440 quos

132 1478 255 1561 torquIs
276 1478 430 1538 honorum
451 1473 577 1553 insigne
599 1469 731 1550 exstitit,
764 1466 938 1530 conieceris
959 1466 1097 1527 fortasse
1118 1484 1180 1525 non
1203 1466 1372 1549 immerito,

131 1587 225 1648 huius
256 1584 427 1667 praecipue
454 1580 560 1662 populi
586 1579 667 1641 hune
688 1596 763 1639 esse
791 1584 945 1657 ornatum,
975 1575 1083 1656 regiae
1112 1575 1209 1656 igitur
1231 1573 1372 1656 dignita-

129 1696 171 1758 tis
198 1694 314 1757 nullum
344 1693 454 1753 inesse
475 1689 631 1750 indicium.
694 1688 846 1748 Attamen
875 1704 970 1767 quum
998 1684 1122 1746 medius
1150 1684 1232 1744 inter
1263 1692 1373 1745 cetera

129 1801 213 1885 apud
234 1799 412 1883 Vergilium
434 1795 518 1857 dona
538 1795 628 1879 regia
649 1803 812 1875 appareat,
842 1794 1056 1857 Romanorum
1086 1809 1211 1874 quoque
1232 1791 1373 1872 ipsorum

132 1911 264 1974 militum
281 1908 379 1970 luerit
399 1905 513 1987 honos,
534 1906 577 1967 illi
596 1904 661 1965 iam
678 1904 880 1985 explicationi
901 1904 1049 1964 lectorem
1074 1920 1112 1962 se
1133 1901 1288 1982 Ingratum
1312 1920 1373 1961 non

126 2015 349 2098 praebiturum
374 2031 449 2075 csse
471 2013 625 2075 existimo.

699 2259 731 2349 q.
757 2263 807 2325 ro.

502 2424 561 2476 lte
579 2435 733 2477 ceroma
751 2426 1008 2501 sceptroque.

188 2590 286 2653 'Duo
307 2591 360 2653 hic
389 2591 608 2673 coniungimus
643 2592 790 2676 insignia,
820 2612 912 2676 quae,
948 2593 1022 2674 quin
1052 2612 1164 2676 regum
1183 2593 1259 2674 sint,
1281 2609 1373 2652 nemo

131 2716 268 2781 unquam
295 2701 389 2763 horno
419 2700 617 2765 dubitaverit.
660 2686 847 2766 ¹Coniuncta
874 2713 947 2765 sunt
980 2705 1062 2766 inter
1089 2702 1172 2764 dona
1193 2701 1310 2763 Didoni
1333 2700 1372 2760 ab

131 2809 243 2873 Aenea
265 2807 450 2891 dispensata
470 2812 497 2893 Ι,
518 2809 599 2874 653:
1329 2817 1332 2825 “

211 2919 383 2981 Praeterea
402 2927 628 2998 sceptrum,
651 2922 755 2981 Ilione
775 2924 861 2999 quod
876 2930 1024 2998 cesserat
1043 2925 1128 3000 olim,

211 3026 373 3088 Maoemma
394 3034 543 3088 nolarum
564 3030 700 3108 Priami,
723 3029 866 3108 colloque
886 3031 1001 3090 monile

212 3137 371 3197 Boeotum
392 3142 424 3194 et
442 3135 598 3212 duplicem
616 3138 751 3211 peremis
772 3156 914 3216 carroque
937 3158 1133 3202 coronam.

129 3242 245 3305 Mirum
268 3247 339 3305 sine
360 3240 452 3333 dubio
475 3248 535 3320 est,
557 3240 656 3302 illlam
677 3247 765 3325 regis
781 3245 898 3308 Priami
917 3257 1078 3329 sceptrum
1102 3263 1241 3336 gestare.
1279 3258 1375 3338 Apud

130 3351 315 3435 Homerum,
338 3359 487 3433 quantum
510 3351 596 3431 scio,
631 3351 748 3434 duplex
778 3363 829 3415 est
852 3358 969 3438 sceptri
995 3358 1097 3423 forma
1122 3381 1280 3445 ususque,
1311 3366 1375 3427 alia

129 3479 261 3544 regum,
291 3460 344 3557 qni
371 3453 569 3541 σκηπτοῦχοι
590 3461 808 3545 nominantur,
837 3464 999 3529 hastarum
1021 3488 1083 3530 non
1112 3468 1291 3555 dissimile,
1314 3475 1376 3535 alia

132 3585 340 3651 praeconum,
384 3583 477 3648 quam
505 3567 638 3629 caducei
676 3588 750 3631 esse
779 3570 919 3635 indicant
948 3576 1026 3637 artis
1054 3587 1257 3642 monumenta
1285 3582 1375 3661 plura

130 3675 161 3737 in
189 3675 358 3758 Inghirami
385 3675 518 3758 galleria
539 3677 686 3741 Omerica
708 3678 849 3763 depicta,
880 3685 943 3744 nisi
962 3686 1147 3764 posterioris
1169 3688 1284 3749 aetatis
1305 3710 1375 3753 mos

132 3784 310 3866 antiquitati
341 3783 436 3846 fuerit
475 3785 626 3848 intrusus.
682 3787 847 3852 Feminam
881 3792 975 3856 ullam
1002 3795 1057 3855 vel
1083 3793 1240 3857 Helenam
1272 3799 1374 3876 ipsam

131 3892 306 3973 scipionem
327 3909 421 3953 manu
443 3900 561 3971 tenere,
583 3913 739 3977 nusquam
761 3909 952 3980 compertum
972 3902 1086 3965 habeo.
1137 3900 1258 3981 Quodsi
1279 3906 1375 3988 igitur

130 3999 298 4084 Vergilius
319 4017 382 4060 non
403 3997 564 4063 eGraeco
586 4003 688 4084 aliquo
709 4004 898 4070 Romanove
919 4020 1014 4092 poeta
1035 4012 1120 4075 hunc
1135 4032 1255 4075 morem
1273 4011 1375 4094 adop·

131 4108 222 4191 terit,
267 4107 399 4170 Ilionam
427 4127 550 4190 quoque
577 4111 694 4174 Priami
722 4114 816 4177 filiam
844 4125 920 4179 natu
949 4120 1117 4183 maximam
1146 4128 1179 4182 et
1199 4121 1375 4203 Polymne-

132 4224 229 4285 storis
245 4221 403 4283 'I'hraoum
425 4223 511 4306 regis
531 4223 708 4306 coniugem,
729 4235 879 4309 tanquam
898 4232 1040 4311 reginam
1061 4227 1246 4292 adumbrare
1264 4229 1375 4291 voluit.

131 4331 267 4392 Servius
289 4330 449 4395 Danielis:
480 4334 544 4411 „m
571 4337 746 4417 quaeritur,
776 4347 879 4400 utram
900 4338 961 4401 hoc
982 4344 1145 4418 sceptrum
1165 4336 1205 4397 de
1227 4337 1372 4414 Thracia,

131 4458 173 4502 an
195 4439 236 4502 de
255 4440 351 4504 'Proin
379 4442 554 4525 sublatum3
591 4444 719 4526 quidam
747 4446 878 4515 Aeneae
910 4445 950 4508 alr
980 4445 1080 4510 Iliona
1111 4445 1218 4509 datum
1247 4443 1374 4526 dicunt5

133 4549 193 4611 sed
214 4550 359 4632 quamvis
381 4561 456 4634 apta
477 4563 630 4636 nupturae
652 4556 781 4642 reginae
801 4556 865 4618 sint
890 4573 1039 4630 munera,
1071 4562 1175 4616 tamen
1200 4553 1375 4618 futurorum

131 4660 284 4724 malomm
295 4663 475 4725 :continere
491 4683 583 4727 omen
604 4661 765 4727 videtur.“
812 4666 847 4725 In
872 4680 955 4745 quae
976 4663 1159 4735 verbanon
1180 4663 1304 4724 omnino
1323 4663 1376 4724 iu·

134 4769 278 4835 raverim.
330 4770 368 4832 ld
395 4771 510 4834 saltem
532 4780 673 4846 constat,
706 4779 833 4852 sceptro
862 4778 895 4832 et
924 4788 1041 4833 corona
1059 4769 1234 4833 coniunctis
1254 4770 1376 4854 regiam
