3022 5234
505 264 564 324 De
584 260 721 350 verbis
742 257 996 327 militaribus.
1331 255 1374 319 93

133 451 282 512 Attamen
303 444 377 529 equi
398 443 494 506 etiem
515 446 577 505 hon
599 443 714 506 decore
738 441 938 506 ornaheutur.
987 440 1064 503 indo
1095 438 1155 520 illi,
1186 438 1239 520 qni
1269 442 1385 500 victor.

133 556 298 617 incursus
320 555 496 619 conamine
518 553 559 612 sit
580 568 751 630 evasuruS,
774 550 905 610 Aeneas
928 547 973 617 V,
994 546 1066 610 310.
1091 547 1263 627 promittit:

214 694 347 753 Primae
368 708 459 752 enam
477 692 679 768 planterio
700 692 858 764 inciperem
879 690 978 745 oiotor
999 686 1120 743 habeto.

132 834 164 886 et
186 826 247 904 Xl,
268 825 320 887 89.
350 831 541 885 memoratur
568 821 699 882 bellator
726 839 822 899 ecoe,
848 820 963 895 positia
992 816 1241 890 insinnetur.
1295 811 1375 872 Rem

130 932 275 996 inlustrat
307 930 380 991 [riv.
412 931 527 1003 xxti,
559 929 618 990 52:
654 924 799 987 »Praeda
829 924 944 1005 ingens
971 931 1061 1002 perte
1090 930 1154 990 est,
1191 929 1222 980 et
1248 928 1375 999 praeter

131 1059 244 1123 equos,
274 1042 375 1119 viros,
403 1040 484 1100 etsi
508 1036 579 1117 quid
601 1035 733 1117 argenti,
767 1032 852 1115 quod
874 1032 1038 1113 plurimum
1062 1031 1093 1090 in
1114 1026 1252 1109 phaleris
1274 1044 1375 1105 equo-

130 1168 199 1211 rum
220 1156 299 1211 eret.
322 1191 329 1207 .
353 1190 363 1210 .
385 1167 413 1212 ,ιι
457 1145 579 1228 XLIV,
616 1143 668 1203 itt
699 1139 856 1202 ossratiae
877 1140 915 1199 eh
937 1146 1048 1199 senatu
1069 1145 1164 1199 actae
1185 1151 1376 1213 muneraque

130 1259 231 1316 inissa
254 1253 375 1335 torquis
396 1270 514 1314 aureits
534 1251 598 1313 dun
620 1249 725 1331 pondo
748 1258 779 1308 et
799 1256 930 1328 paterae
951 1264 1069 1306 aureae
1091 1251 1240 1325 quattuor
1261 1241 1376 1323 pondo,

130 1380 261 1442 equus
296 1360 531 1442 phaleratus
568 1374 720 1438 armaque
758 1355 946 1436 equestria«
1011 1354 1144 1415 Suetonii
1180 1350 1284 1432 Calig.
1324 1350 1377 1410 19:

132 1470 259 1532 „Primo
287 1468 340 1530 die
368 1468 581 1549 phalerato
612 1484 734 1546 equo,
764 1463 965 1542 insignisque
993 1479 1132 1542 qucrnea
1159 1477 1304 1520 cornuue
1349 1460 1376 1519 h

130 1580 344 1639 monumentis
365 1575 440 1636 vide
462 1573 597 1654 lapidem
619 1575 807 1654 Mogontiae
834 1564 1039 1639 adservatum
1062 1562 1146 1649 apud
1170 1566 1270 1632 behn.
1298 1567 1377 1629 Tab.

131 1685 373 1749 mmmm

575 1996 578 2003 ,
698 1872 736 2013 §-
758 1930 806 1995 e.

512 2088 572 2142 lle
588 2087 727 2142 uernis
745 2088 1011 2144 militaribus.

213 2258 351 2319 Exstant
372 2255 455 2337 apud
477 2274 731 2336 unumquemque
762 2260 912 2337 populum
939 2259 1027 2325 'dicta
1055 2260 1214 2340 nireedam
1243 2255 1375 2328 heilica,

131 2365 315 2448 quaeritum
339 2364 464 2444 quidem
485 2384 546 2425 uon
571 2383 698 2444 semper
720 2364 866 2444 probant,
883 2367 1105 2447 insignievero
1127 2375 1200 2426 sunt
1220 2373 1315 2444 atque
1337 2363 1378 2426 ad

129 2472 316 2536 hortandum
350 2477 550 2557 animumque
578 2474 836 2536 inflammandum
864 2474 1038 2541 commoda.
1088 2474 1181 2555 Apud
1212 2473 1378 2535 Romanos

128 2592 259 2664 praesto
290 2591 341 2644 est
368 2603 482 2666 magna
511 2601 589 2644 saue
612 2584 719 2644 talium
742 2584 969 2644 vocabulorum
991 2591 1087 2664 etque
1107 2564 1375 2643 hortamentorum

130 2695 235 2770 copia,
250 2709 331 2770 quae
352 2710 371 2752 e
394 2692 500 2769 primis
522 2691 597 2752 helii
616 2691 755 2752 motibus
778 2692 818 2753 ed
841 2702 1016 2754 extremam
1038 2712 1140 2772 usque
1162 2709 1300 2773 pugnam
1321 2667 1380 2748 so?

129 2796 184 2857 lita
206 2804 304 2857 erant.
348 2797 482 2859 Servius
502 2795 540 2858 ad
574 2798 654 2858 Aen.
685 2800 722 2872 11,
750 2799 814 2860 tis,
839 2798 878 2860 de
900 2801 943 2879 X,
965 2800 1044 2862 228:
1099 2799 1266 2875 leiloane
1286 2800 1379 2857 moe

126 2905 232 2980 pono?
254 2902 345 2967 dixit:
379 2905 507 2966 ”Verba
529 2914 614 2988 sunt,
645 2909 760 2986 quihus
781 2906 922 2989 pontifex
945 2910 1102 2969 maximus
1123 2909 1220 2970 utitur
1242 2911 1273 2967 in
1298 2907 1373 2985 pul-

131 3008 321 3073 vinaribus«
366 3009 459 3086 Qitod
481 3011 608 3091 quidem
630 3014 657 3074 si
680 3034 741 3075 nou
764 3024 832 3088 est,
862 3033 917 3077 cur
947 3017 1144 3096 reiicianrus,
1178 3022 1283 3075 tamen
1314 3031 1377 3072 non

128 3115 227 3195 probe
252 3117 415 3196 videmus,
447 3118 520 3198 quid
557 3120 735 3198 pulvinaria
757 3139 797 3181 ec
827 3123 968 3201 pontifex
1000 3126 1159 3183 maximus
1187 3121 1306 3181 facient
1337 3117 1378 3180 ad

130 3227 263 3288 Aeneae
284 3228 336 3289 iilo
356 3228 426 3289 loco
449 3227 598 3292 habitum.
632 3230 699 3292 Res
721 3234 803 3291 enim
827 3233 870 3291 ite
891 3249 930 3290 se
946 3230 1052 3292 habet.
1084 3229 1270 3311 Nymphae,
1294 3245 1377 3308 qnae
1469 3237 1472 3245 '

130 3352 156 3395 e
173 3333 308 3397 navibus
329 3334 457 3397 mutatis
492 3333 689 3416 prodierant,
723 3357 832 3419 regern
870 3339 1013 3399 Aeneam
1044 3344 1222 3418 agnoscunt
1251 3342 1283 3394 et
1313 3336 1378 3395 cir-

129 3442 289 3507 cumdent.
332 3441 525 3503 Doctissirna
548 3461 655 3504 earun.
679 3443 866 3523 Cymodoce
888 3448 989 3527 ipsunt
1012 3447 1180 3526 alloquitur
1200 3443 1278 3506 228:

533 3576 708 3654 Viyr'loenc,
731 3581 822 3640 deum
842 3581 950 3656 pene?

212 3683 333 3766 Aenea,
355 3687 463 3767 cipite,
486 3694 518 3747 et
538 3688 616 3747 nelis
637 3691 759 3748 inmitte
779 3689 933 3753 radentia.

128 3821 237 3899 Atque
264 3817 326 3878 hoc
358 3836 485 3899 qnoque
507 3821 578 3879 loco
605 3820 742 3881 Servius
777 3828 898 3882 monet:
936 3821 1066 3883 uVerbe
1094 3832 1170 3885 suut
1198 3840 1377 3913 sacrorum3

129 3942 202 3985 uam
232 3923 371 4004 virgines
403 3923 530 3986 Vestae
560 3936 646 3988 certa
669 3927 718 3988 die
742 3929 826 3988 iheut
848 3929 889 3990 ad
911 3949 1021 4012 regem
1043 3948 1206 3993 sacrorum
1231 3942 1263 3994 et
1286 3932 1375 3994 dice·

128 4036 221 4097 bant:
248 4036 465 4117 vigilasne
488 4031 573 4100 rex!
604 4039 768 4120 Vigilate
827 4040 935 4119 Magis
968 4058 1046 4099 voro
1077 4041 1151 4100 mihi
1183 4042 1308 4124 piacet,
1344 4049 1379 4102 nt

127 4143 213 4205 illum
237 4141 426 4224 adoptamus
450 4153 547 4226 atque
569 4147 719 4207 insertum
743 4163 818 4205 esse
841 4160 962 4206 rnorem
980 4156 1142 4225 putemus,
1173 4166 1266 4228 quem
1290 4149 1373 4210 idem

119 4251 267 4314 Servius
292 4252 443 4330 v111‚3.
466 4255 691 4317 communicet:
718 4256 769 4313 ets
792 4255 847 4332 qui
868 4253 940 4314 belli
962 4265 1151 4333 susceperat
1173 4273 1297 4329 euram,
1320 4272 1378 4314 sa-

127 4358 262 4419 crarium
294 4357 408 4420 Martis
434 4362 603 4441 ingressus
626 4363 725 4440 primo
747 4360 861 4421 ancilia
882 4361 1120 4433 commovebat,
1159 4369 1232 4439 post
1250 4360 1377 4422 hastam
1478 4400 1480 4410 ι

127 4462 289 4525 simulacri
309 4465 420 4545 ipsius,
441 4465 569 4529 dicens:
599 4470 710 4529 Mars
731 4467 893 4549 vigilan
939 4469 1001 4530 Vel
1024 4470 1051 4529 si
1074 4467 1252 4529 Vestalium
1274 4467 1376 4527 verba

128 4569 245 4652 oppido
267 4576 500 4637 consentientia
521 4593 590 4638 cum
615 4574 821 4655 Cymodocea
850 4576 1069 4637 adhortatione
1096 4572 1301 4654 arbitremur,
1333 4593 1376 4636 ox

127 4690 266 4769 utraque
287 4678 501 4760 appellatione
518 4678 627 4740 subtili
647 4679 787 4742 doctrina
808 4680 939 4762 Vergilii
956 4696 1083 4739 versum
1106 4677 1277 4738 conflatum
1299 4697 1375 4740 esse

128 4789 295 4852 fateamur.
318 4788 434 4871 Pugna
448 4787 617 4868 ingruente
640 4786 688 4849 ed
709 4806 819 4849 arma
842 4786 1108 4848 conclamabatur.
1130 4784 1183 4845 Ex
1203 4785 1375 4847 innumeris
