3022 5234
544 244 600 304 De
619 242 713 305 belli
744 242 977 306 indictione.
1089 324 1093 332 Ι
1338 248 1380 311 43

135 422 356 504 triumphante.
403 423 493 503 Quas
521 432 674 507 utrasque
702 425 828 487 tubulas
857 425 952 488 divus
984 429 1153 508 Augustus
1185 428 1300 494 inferi
1330 430 1387 490 sui

134 533 280 625 partibus
299 532 515 596 celeberrimis
534 533 699 596 dicaverat
718 534 918 614 simplicitate
945 533 1143 599 moderata.“
1195 537 1300 616 Quam
1333 545 1384 599 ta-

136 640 239 701 bulam
261 640 332 702 veri
352 650 404 702 est
425 640 529 702 simile
548 647 675 720 poetam
697 649 839 701 nostrum
861 645 1080 721 conspexisse.

708 884 742 972 p.
768 889 819 950 er.
899 907 902 913 Α

540 1047 599 1101 lle
617 1046 718 1101 belli
735 1045 974 1126 indictione.

213 1215 322 1277 Nune
345 1218 429 1276 teste
451 1215 546 1276 Livio
568 1216 593 1288 l,
615 1213 679 1296 32,
702 1234 742 1275 ne
766 1227 985 1297 „gererentur
995 1215 1108 1291 solum,
1131 1214 1191 1277 sed
1209 1216 1311 1278 etism·
1325 1220 1377 1278 in-

135 1322 316 1386 dicereotur
336 1321 418 1384 bella
439 1323 546 1405 aliquo
569 1324 644 1405 ritu,
676 1323 728 1384 ius
756 1323 949 1405 abantiquo
979 1331 1078 1403 gente
1106 1323 1376 1405 Aequicolis,

132 1430 215 1514 qnod
237 1452 323 1498 nnnc
344 1436 472 1500 fetiales
493 1436 622 1517 habent,
646 1437 825 1519 descripsit,
849 1455 911 1519 quo
934 1453 987 1498 res
1008 1445 1377 1518 repeterentur—--

132 1544 219 1608 Ilieri
242 1548 379 1619 solitum,
402 1559 438 1613 nt
454 1550 574 1613 'fetialis
595 1549 756 1613 hastam
777 1549 970 1611 ferratam
1003 1555 1074 1610 aut
1105 1548 1380 1639 sanguineam

135 1648 370 1734 praeustam
391 1655 432 1720 ad
453 1656 537 1723 fines
561 1677 669 1721 eornm
691 1658 800 1741 ferret,
824 1665 856 1720 et
877 1677 938 1720 non
961 1657 1063 1718 minus
1083 1655 1185 1717 tribus
1204 1655 1378 1735 puberibus

130 1764 349 1842 praesentibus
370 1762 498 1828 diceret.
509 1808 614 1828 ......
637 1761 669 1825 id
690 1763 743 1825 nbi
766 1761 920 1848 dixisset,
953 1764 1090 1845 hastam
1109 1763 1139 1824 in
1162 1763 1244 1824 lines
1267 1781 1374 1826 eorum

132 1869 330 1934 emittebat.“
354 1873 459 1957 Apud·
471 1871 609 1937 Gellium
631 1872 722 1944 XVI,
736 1874 772 1934 4:
794 1870 959 1953 „Cincius
975 1870 1016 1934 de
1036 1891 1072 1934 re
1093 1866 1218 1932 militari
1239 1871 1379 1934 fetialem

130 1978 240 2058 populi
262 1979 400 2043 Romani
420 1967 535 2043 bellurn
548 1980 736 2043 indicentem
753 1981 897 2044 hostibus
919 1983 1080 2064 telumque
1096 1983 1128 2043 in
1140 1999 1254 2063 agrum
1268 1998 1376 2041 eorum

132 2087 303 2150 lactentem
323 2089 413 2150 hisce
435 2088 543 2150 verbis
563 2089 607 2150 uti
628 2087 758 2169 scripsit
759 2131 849 2153 .....
851 2085 873 2122 “
900 2088 954 2150 nd
976 2091 1101 2152 Ancum
1123 2090 1274 2152 Martium
1295 2087 1379 2149 hunc

131 2213 251 2257 morem
273 2195 373 2258 refert
394 2196 529 2258 Servios
551 2195 592 2257 ad
611 2197 693 2258 Aen.
713 2197 757 2272 X,
780 2195 835 2259 tt:
874 2197 1012 2276 „Ancus
1032 2200 1175 2260 Martius
1207 2217 1304 2278 quurn
1324 2196 1379 2256 vi-

134 2303 235 2388 deret,
259 2307 408 2387 populum
430 2305 608 2368 Romanum
631 2306 795 2368 ardentem
816 2325 925 2368 amore
946 2306 1097 2368 bellorum
1120 2308 1305 2387 plerumque
1326 2304 1379 2366 in-

133 2412 216 2474 ferre
237 2412 323 2474 bella
343 2412 492 2496 gentibus
512 2413 596 2474 nulla
614 2413 700 2473 iuste
728 2420 879 2474 exstante
910 2412 1031 2474 retione
1053 2422 1086 2474 et
1103 2412 1218 2475 exinde
1239 2410 1380 2492 pericula

135 2522 250 2604 gravia
272 2522 375 2584 creari
404 2523 490 2582 misit
515 2518 557 2581 ed
586 2526 713 2600 gentem
744 2517 1068 2598 Aequicolananr
1096 2527 1131 2581 et
1155 2519 1281 2599 aceepit
1308 2519 1379 2581 iura

131 2629 261 2706 fetialia,
285 2648 343 2711 per
361 2645 446 2710 qnae
466 2625 579 2687 behem
602 2624 800 2686 indicebatur
820 2622 885 2685 hoc
906 2625 1011 2699 modo,
1024 2626 1108 2688 sicut
1127 2626 1223 2689 etiam
1245 2626 1286 2689 de
1305 2628 1377 2691 Al-

129 2737 249 2801 benis
271 2737 393 2799 rettulit
414 2735 537 2796 Livius.
581 2735 667 2796 Nam
698 2738 728 2795 sl
760 2732 889 2814 quando
923 2733 1068 2795 homines
1090 2734 1145 2797 vel
1163 2736 1314 2799 animalia
1332 2735 1372 2798 ab

129 2847 234 2928 aliqua
255 2853 351 2926 gente
372 2852 465 2925 rapta
483 2849 593 2903 essent
611 2842 728 2922 populo
746 2841 904 2917 Romano,
925 2859 997 2902 cum
1018 2840 1180 2905 fetialibus
1200 2840 1233 2903 id
1254 2852 1307 2906 est
1319 2861 1378 2907 sa-

129 2953 321 3031 cerdotibus,
342 2953 396 3034 qui
415 2950 571 3013 faciendis
591 2960 744 3032 praeeunt
765 2952 961 3026 foederibus,
991 2950 1254 3033 proficiscebatur
1280 2950 1375 3014 etiam

128 3072 219 3143 pater
239 3068 397 3142 patratus,
419 3067 451 3120 et
470 3068 546 3121 unte
568 3058 658 3120 fores
679 3067 772 3120 stans
789 3061 874 3122 clere
896 3077 980 3121 uoce
993 3058 1128 3123 dicebat
1150 3059 1224 3121 belli
1246 3075 1376 3122 canum

129 3177 162 3231 et
184 3166 362 3231 nolentibus
382 3183 436 3226 res
458 3173 568 3246 raptas
590 3165 758 3226 restituere
779 3165 832 3226 vel
852 3172 1004 3228 auctores
1027 3164 1158 3226 iniuriae
1178 3163 1303 3225 tradere
1324 3163 1375 3224 ia-

127 3274 232 3337 ciebat
253 3273 393 3355 hastam,
418 3291 573 3354 quaeres
596 3281 667 3336 erat
685 3291 816 3355 pugnae
836 3269 1057 3354 principium.“
1102 3269 1155 3332 Cf.
1178 3271 1308 3332 Paullus
1332 3289 1374 3331 ex

128 3384 230 3446 ll'esto
252 3400 278 3446 s.
300 3401 333 3442 v.
354 3380 497 3443 Bellona.
546 3380 659 3441 Habes
680 3380 787 3460 itaque
808 3397 925 3441 morem
948 3398 1027 3440 vere
1048 3379 1160 3440 Italum
1181 3375 1267 3459 apud
1285 3376 1377 3438 Ver-

127 3489 251 3572 gilium,
273 3489 327 3550 ubi
345 3489 473 3550 'furnus
493 3491 606 3565 cipiunt
617 3488 707 3547 lectis
728 3491 866 3566 equitum
889 3491 1056 3549 comitatus
1077 3487 1136 3561 lx,
1158 3486 1219 3549 ta:

215 3596 294 3660 En!
311 3598 360 3655 ait
382 3601 414 3654 et
436 3593 620 3654 iaculum
641 3599 826 3672 attorquens
846 3596 1005 3652 emittit
1021 3596 1056 3651 in
1077 3611 1189 3671 auras,

211 3705 411 3780 Principium
431 3720 568 3779 pnpnee.

128 3832 234 3895 neque
257 3831 334 3874 vero
349 3811 507 3891 x11,266.
529 3810 579 3871 ubi
595 3810 782 3872 Tolumnius
803 3806 957 3892 eugured
973 3828 1114 3892 pugnam
1126 3812 1368 3877 exhortaturus:

210 3921 358 3992 Dicitet
379 3923 530 3981 adversos
553 3922 680 3982 telum
701 3921 909 3979 contorsit
928 3921 964 3977 in
984 3917 1101 3983 buttes.

128 4032 249 4110 quippe
270 4048 367 4109 qurum
390 4028 443 4089 hic
464 4021 1368 4109 potiusunumvnlnernndofoedusmodoictnnartnnpat.

133 4136 225 4199 Adde
246 4134 341 4200 ovid.
363 4136 457 4213 dest.
477 4135 538 4217 VI,
559 4133 639 4196 207:

214 4244 299 4305 Hinc
320 4245 404 4305 solet
425 4243 518 4305 hesta
535 4259 641 4317 manu,
663 4242 736 4302 belli
756 4243 954 4324 praenuntia,
976 4243 1071 4322 mitti,

290 4354 326 4413 In
347 4370 457 4432 regom
478 4360 510 4411 et
532 4358 648 4432 gentes
669 4367 771 4431 quum·
788 4349 896 4430 placet
914 4367 1001 4414 arms
1022 4351 1103 4433 capi.

130 4462 271 4525 Causam
292 4459 398 4523 adfert
417 4459 521 4521 Varro
541 4461 573 4520 in
596 4457 720 4521 Caleno
740 4456 853 4533 (Serv.
873 4459 954 4522 Dan.
974 4457 1222 4540 Aeo.1x,53.):
1244 4458 1374 4534 „Duces

128 4585 224 4649 quum
247 4568 379 4648 primum
400 4565 548 4656 hostilem
567 4585 681 4648 agrum
702 4565 862 4631 introitum
882 4567 1002 4650 ierant,
1035 4568 1148 4634 ominis
1170 4585 1270 4633 cerua
1288 4569 1376 4650 prins

125 4671 256 4739 hastam
278 4673 308 4735 in
330 4692 401 4736 eum
424 4689 537 4755 agrum
557 4674 736 4755 mittebant,
761 4683 796 4737 ut
817 4675 933 4738 castris
956 4676 1060 4739 locum
1081 4671 1268 4755 eapereet“

212 4783 327 4864 Neque
347 4786 441 4849 etium
463 4787 532 4849 sina
552 4787 673 4852 ratione
694 4796 791 4869 poete
818 4787 926 4852 Turne
946 4786 1094 4869 viginti
1113 4790 1373 4872 equitessoeios
