3022 5234
97 309 99 313 Ι
131 213 191 275 110
386 213 593 288 Decuma,
615 214 868 297 quadrigaet
890 219 1102 302 triumpho.

128 384 323 478 ot‘httqug
337 383 560 478 μεμαθήκασι.
591 397 692 459 Plinio
713 406 798 460 teste
825 400 866 463 N.
890 403 929 462 Η.
948 403 1100 486 v11,57:
1123 407 1248 487 „Rigas
1263 412 1366 488 prima

128 503 229 564 iunxit
250 504 415 584 Phrygum
436 506 532 585 natio,
555 505 725 587 quadrigas
747 506 1004 569 Erichthorrirrs.“
1046 510 1113 574 Sed
1135 513 1209 593 quid
1232 514 1272 574 ad
1294 516 1369 579 uos!

52 673 55 679 ,
131 613 223 674 'falia
244 621 338 693 poeta
360 614 419 674 iam
441 613 559 674 hahere
579 618 680 694 potuit
703 634 744 674 ex
764 615 906 677 historia.
949 618 1157 700 Narrat'ipse
1177 620 1270 697 viu,
1289 623 1369 685 642:

213 722 313 781 Haud
328 724 445 800 procui
465 725 538 783 inde
559 729 640 783 citae
661 725 797 785 Mettum
819 731 852 785 iu
874 727 999 788 diuersa
1019 732 1170 808 quadri
1173 749 1248 807 pac

212 838 422 899 Distuieraat.

132 942 216 1022 quod
236 943 319 1005 idem
342 945 454 1009 trivios
478 950 508 1023 l,
532 947 590 1008 28:
621 944 774 1026 „Exinde
798 945 921 1007 duabus
945 946 1080 1008 admotis
1103 947 1321 1030 quadrigis
1342 950 1370 1010 iu

132 1072 243 1115 currus
266 1074 371 1116 earum
396 1054 565 1130 distentum
587 1053 698 1133 inligat
723 1047 893 1114 Mettum.“
925 1053 1053 1113 Habere
1075 1055 1175 1134 potuit
1197 1074 1239 1116 ex
1260 1059 1371 1118 usuiu

132 1161 214 1223 ludis
238 1164 367 1241 puhlicis
389 1164 493 1238 solito,
515 1161 635 1243 Georg.
659 1165 685 1244 Ι,
706 1162 785 1227 512:

220 1271 265 1332 Ut
285 1290 357 1330 cum
379 1273 561 1330 carceribus
583 1292 654 1331 sese
674 1275 810 1351 effudere
832 1276 984 1352 quadri
986 1295 1068 1352 poe.

135 1373 186 1438 Cf.
208 1376 279 1438 [riv.
302 1375 393 1452 Vin,
414 1377 465 1438 40.
508 1376 636 1438 Habere
658 1378 795 1459 danique
818 1385 917 1460 potuit
938 1402 978 1442 ex
1001 1381 1258 1462 triumphantium
1277 1399 1373 1463 marc,

135 1485 184 1564 qui
207 1483 314 1546 urbem
338 1483 491 1567 quadriga
512 1486 668 1548 vehentes
690 1487 856 1551 intrabant.
900 1491 946 1551 lta
971 1489 1055 1570 apud
1077 1490 1148 1549 Liv.
1169 1490 1374 1568 xxV111,9.

135 1599 266 1651 serratus
289 1591 442 1667 decrevit,
460 1600 520 1674 „ut
542 1594 587 1654 Μ.
610 1594 747 1675 Livium,
777 1593 939 1677 quadrigis
962 1594 1068 1656 urbem
1090 1598 1270 1676 ineuntem,
1293 1594 1375 1655 mili·

135 1707 186 1760 tes
206 1695 449 1779 sequerentur.“
486 1698 579 1778 Quod
602 1701 653 1761 ubi
671 1702 883 1785 spectaretis,
904 1701 1062 1784 intelliges
1079 1703 1138 1786 111,
1159 1701 1230 1764 53⁷.
1246 1705 1376 1765 Aeneae

136 1805 177 1867 ad
198 1808 319 1867 ltaliam
343 1808 465 1888 appulsi
486 1808 585 1869 dicta:

220 1915 421 1990 Quattuor
442 1915 503 1983 hic,
525 1920 664 1991 primum
684 1934 783 1989 omen,
808 1933 927 1995 equor
949 1919 982 1974 ia
1001 1920 1147 1992 gramine
1168 1917 1235 1977 ridi

225 2023 393 2082 Tondendis
414 2043 558 2098 campum
579 2022 656 2102 iate,
680 2024 858 2083 caudore
880 2023 1016 2084 uioaii.

221 2133 269 2192 El
285 2139 378 2208 pater
398 2129 580 2191 Anchiseo:
601 2128 776 2201 Bellum,
797 2150 815 2189 c
838 2138 926 2191 terra
947 2132 1081 2209 hospita,
1105 2139 1227 2208 portas,

220 2241 311 2302 Beda
335 2245 502 2300 arraautar
522 2243 604 2319 equi,
624 2239 737 2299 delium
760 2240 837 2301 haec
857 2249 1000 2303 armenta
1021 2247 1192 2306 minantur.

220 2347 287 2409 Sed
306 2355 410 2408 carneo
431 2348 512 2405 idem
533 2346 605 2406 olim
627 2366 726 2406 curru
747 2349 917 2408 succedere.
938 2354 1023 2408 caeti

224 2458 464 2533 Quadrupedes,
487 2462 519 2515 et
533 2459 631 2536 frena
652 2461 726 2534 iupa
749 2461 913 2518 concordia
931 2461 1041 2538 ferre:

224 2564 306 2642 Spes
328 2571 361 2623 et
376 2567 512 2643 pacis,
535 2567 589 2624 ait.

142 2674 303 2755 Triumphi
322 2673 457 2752 scilicet,
485 2670 569 2733 uude
592 2692 661 2733 cum
683 2672 804 2733 ratione
827 2691 927 2753 equos
950 2675 1089 2732 caudore
1111 2673 1210 2732 uioair'
1228 2670 1377 2752 depingit

143 2785 214 2845 Albi
235 2785 314 2844 euim
338 2787 411 2863 equi
434 2783 660 2845 adhibebantur
682 2792 764 2845 teste
788 2784 903 2844 Servio
925 2781 965 2843 ad
990 2783 1069 2841 Aea.
1091 2780 1148 2862 lv,
1177 2779 1256 2841 543:
1293 2779 1379 2860 „Qui

142 2893 223 2954 enim
246 2896 425 2954 ovationem
450 2901 603 2966 meretur,
635 2901 667 2952 et
693 2911 755 2952 uuo
779 2909 858 2969 equo
882 2893 994 2966 utitur,
1027 2898 1059 2950 et
1081 2908 1100 2948 a
1123 2888 1242 2966 plebeis
1268 2889 1319 2950 vel
1342 2890 1380 2952 al)

141 3004 298 3085 equitibus
320 3003 472 3065 Romanis
496 3002 658 3064 deducitur
678 3000 718 3063 ad
740 3000 945 3081 Capitolium,
968 3007 1000 3058 et
1020 2997 1059 3058 de
1081 2997 1196 3058 ovibus
1211 2997 1380 3071 sacrificat,

142 3115 276 3177 undeet
299 3115 407 3191 ovatio
431 3113 524 3174 dicta.
568 3109 632 3189 Qui
655 3118 758 3170 autem
782 3105 964 3188 triumphat,
988 3105 1095 3165 alhis
1117 3106 1233 3186 equis
1260 3107 1383 3167 utitur

141 3231 351 3306 quattuor,
385 3230 416 3284 et
438 3228 553 3281 senatu
575 3225 746 3299 praeeunte
771 3217 800 3276 iu
823 3215 983 3295 Capitolio
1006 3212 1046 3274 de
1068 3214 1167 3273 tauris
1189 3206 1382 3274 sacrificat“

142 3331 236 3411 Quod
258 3332 298 3393 de
320 3331 416 3390 tauris
441 3327 666 3410 grammaticus
687 3326 814 3406 profert,
840 3332 935 3404 poeta
958 3320 1122 3384 confirmat
1145 3323 1257 3383 ltaliae
1273 3319 1383 3382 laudes

144 3459 263 3503 canens
287 3436 408 3520 Georg.
431 3437 472 3516 11,
498 3436 572 3499 145:

225 3548 310 3608 Hinc
331 3546 461 3606 bellator
483 3564 559 3605 eccas
582 3565 691 3623 campo
713 3564 785 3604 eece
806 3546 928 3605 arduus
951 3547 1071 3624 iufert;

226 3655 313 3715 Hirro
336 3653 410 3733 uidi,
433 3651 599 3730 Clitarum)
623 3672 738 3729 preyec
761 3659 792 3710 et
813 3670 964 3711 maauma
986 3656 1100 3710 taurus

231 3763 366 3823 Victima
387 3779 492 3837 saepe,
513 3765 566 3818 tuo
585 3761 713 3839 perfusi
728 3761 861 3834 stamine
880 3777 983 3833 sacro,

226 3871 434 3931 Romanoa
457 3868 500 3926 ad
517 3865 635 3942 templa
658 3867 749 3923 deam
771 3867 894 3925 diruere
915 3866 1157 3942 triumphos.

146 3980 388 4066 'triumphorum
412 3978 532 4056 copiam
557 3976 670 4036 iterum
692 3975 793 4056 tangit
816 3975 875 4051 Vl,
895 3975 973 4037 813:

232 4088 346 4149 Tullus
367 4092 401 4146 iu
422 4106 512 4145 arma
532 4088 617 4144 circa
638 4093 670 4145 et
688 4089 750 4143 iam
773 4087 903 4144 desueto
923 4083 1146 4161 triumphis

226 4197 364 4274 Agmina
388 4191 564 4272 [ruooedit].

146 4307 183 4366 ln
205 4306 336 4365 Aeneae
360 4303 462 4383 clipeo
485 4302 653 4363 Vulcanus
674 4303 795 4364 fecerat
819 4301 909 4380 Vlll,
931 4299 1009 4362 626:

224 4413 287 4472 Hic
310 4431 363 4472 res
384 4412 487 4471 Italae
507 4413 786 4490 Romanorumque
807 4410 1056 4487 triumphum·

146 4543 291 4606 Vocatur
315 4543 409 4604 etiam
436 4543 501 4624 IV,
538 4542 587 4604 37.
616 4542 733 4623 Africa
755 4548 841 4602 terra
862 4541 1088 4618 triumphis
1109 4541 1204 4602 dioec.
1247 4537 1390 4632 Alteram

148 4650 294 4730 triumphi
317 4649 467 4732 formam,
491 4651 691 4729 ovationem,
713 4657 811 4728 poeta
832 4668 1031 4731 nequaquam
1052 4646 1213 4728 adhibuit,
1244 4649 1393 4730 quamvis

145 4776 228 4819 voco
249 4778 342 4827 ocare
363 4768 467 4822 artatur
489 4745 571 4820 uacci
591 4742 782 4842 paaapopdr
806 4756 889 4819 haud
912 4775 993 4820 raro.
1042 4758 1142 4818 lmmo
1169 4775 1239 4819 curu
1262 4755 1303 4818 de
1325 4755 1391 4837 pri·
