3022 5234
573 252 629 313 De
650 269 749 333 agro
771 252 943 332 publico.
1338 260 1381 321 29

136 432 258 497 Verum
282 432 363 495 euim
387 451 463 495 vero
485 450 541 495 our
561 441 725 496 externum
747 433 944 498 advocemus
968 455 1098 518 morem,
1123 457 1220 521 quum
1232 441 1381 525 Vergilio

135 545 255 624 patrius
274 541 357 604 idem
379 560 477 624 agros
510 540 672 604 dividundi
694 560 715 604 a
740 544 871 626 regibus
903 544 976 608 inde
1006 544 1047 608 ad
1078 557 1254 613 extremam
1278 570 1381 635 usque

135 651 269 715 labentis
291 650 411 733 imperii
432 657 572 712 aetatem
593 646 776 712 exstiterit?
797 652 864 713 lam
889 653 1040 716 Servius:
1074 656 1170 731 „Mos
1193 658 1307 742 fuerat,
1329 662 1381 723 in-

136 762 214 843 quit,
237 771 273 824 ut
294 762 373 824 viris
394 761 528 823 fortibus
549 761 620 822 sive
640 762 773 843 regibus
794 781 852 843 pro
877 763 997 824 bonore
1024 761 1154 825 daretur
1184 765 1289 848 aliqua
1318 789 1382 850 pu-

135 869 206 931 blici
232 871 301 953 agri
320 868 484 950 particula,
507 876 542 929 ut
564 866 875 947 habuit'l'orquinius
889 869 1056 948 Superbus
1076 873 1108 932 iu
1124 889 1236 954 eampo
1251 877 1380 964 Martio,

135 976 219 1059 quod
240 976 377 1058 spatium
400 975 439 1036 ab
461 974 601 1058 Homero
624 968 757 1053 τέμενος
779 975 903 1036 dieitur.
947 977 1019 1039 Hoc
1042 996 1121 1060 ergo
1143 980 1227 1059 quod
1248 983 1381 1050 Latinus

134 1105 190 1167 pro
212 1086 332 1151 honore
354 1082 395 1144 de
416 1082 579 1163 republica
601 1081 721 1165 habuit,
745 1079 784 1143 ab
809 1084 951 1145 Ascanio
973 1085 1185 1168 intelligamus
1206 1107 1283 1151 esse
1302 1112 1382 1173 prof

133 1196 297 1257 missum.“
319 1177 368 1255 De
390 1191 482 1254 'l'ullo
504 1191 641 1254 Hostilio
663 1201 770 1254 narrat
797 1191 971 1274 Dionysius
992 1194 1096 1258 Halie.
1131 1196 1171 1258 A.
1192 1196 1232 1260 lt
1254 1199 1312 1282 ΙΙΙ,
1336 1201 1373 1264 1:

133 1291 255 1385 Χιῦραν
275 1289 362 1382 εἶχον
383 1296 549 1387 ἐξαίρετον
570 1294 601 1363 οἱ
622 1289 689 1386 προ
710 1290 811 1363 αὐτοῦ
829 1299 978 1382 βασιλεῖς
998 1298 1122 1390 πολλήν
1150 1301 1207 1368 καὶ
1234 1293 1374 1393 οἷγαθήν,

135 1403 172 1486 ἐξ
192 1396 233 1492 ἧς
253 1395 479 1492 ἀναιρούμενοι
499 1394 558 1480 τοὶς
579 1393 765 1491 προσόδους
787 1395 862 1492 ione}
884 1427 920 1469 ae
941 1409 1038 1482 θεοῖς
1059 1402 1234 1474 ἐπετέλουν
1254 1401 1382 1487 unione

103 1595 110 1609 ·
135 1509 183 1589 εἰς
204 1505 261 1578 οόν
281 1512 365 1578 ἴδιον
384 1510 456 1597 βίον
477 1503 647 1601 ἀφθόνους
669 1502 755 1592 εἶχον
776 1505 935 1601 εὐπορίας
954 1551 995 1562 -
1009 1550 1049 1563 -
1067 1504 1104 1602 ἦν
1126 1514 1163 1580 δὲ
1183 1507 1241 1582 οὐκ
1260 1511 1309 1584 ἔτι
1323 1519 1380 1608 δη-

134 1617 234 1703 μοσία
254 1619 375 1707 κτῆσις,
395 1611 479 1684 ἄλλα
499 1619 563 1684 τῶν
581 1610 635 1683 nei
655 1619 816 1701 βασιλέων
826 1618 954 1708 κλῆρος.
975 1612 1126 1710 unumne
1143 1613 1279 1702 Τύλλιος
1298 1622 1381 1692 ἐπέ-

108 1786 109 1790 ,
133 1743 240 1820 noema
261 1732 330 1804 τοϊς
351 1723 476 1814 μηδένα
497 1727 614 1815 κλῆρον
626 1721 735 1808 ἔχουσι
747 1720 917 1811 Ῥωμαίων
931 1730 1001 1793 κατ’
1016 1719 1120 1818 ἄνδρα
1135 1728 1380 1814 διανείμασθαι.

133 1841 239 1921 Quum
261 1842 358 1924 igitur
379 1845 459 1919 οςνί,
483 1845 594 1923 campi,
617 1862 774 1915 arvorum,
795 1843 907 1919 glebae
939 1840 1067 1904 divitias
1095 1843 1189 1905 Maro
1212 1854 1379 1928 memoret,

135 1949 391 2012 obversabantur
412 1949 536 2011 seilicet
556 1947 719 2010 latifundia
738 1948 790 2010 illa
811 1957 842 2010 et
852 1950 1028 2013 immensae
1045 1969 1192 2033 agrorum
1213 1953 1378 2033 possessi-

136 2077 216 2122 ones
238 2078 301 2123 non
324 2058 457 2122 divitum
485 2060 589 2122 solum
615 2059 844 2143 Romanorum,
865 2059 924 2122 sed
944 2063 1063 2145 integri
1086 2063 1201 2144 populi.
1231 2063 1282 2124 De
1301 2081 1380 2147 rege

132 2168 248 2230 luatino
270 2166 352 2230 adde
373 2167 448 2243 Vll,
470 2165 547 2228 261:

644 2277 719 2337 Non
740 2277 826 2336 nobie
844 2295 920 2352 rene
937 2273 1056 2337 Latino

214 2387 368 2446 Divitis
389 2386 485 2446 nber
506 2405 526 2444 ιι
532 2387 599 2462 ori
622 2385 769 2445 Troiaeue
789 2383 956 2462 opulentia*
971 2380 1079 2443 deerit.

131 2491 289 2553 Memorat
309 2488 401 2570 porro
423 2490 451 2570 Ι,
472 2487 544 2551 343.
568 2488 752 2570 Sychaeum
776 2487 925 2568 Tyrium:

213 2598 299 2660 Hnr'o
322 2601 443 2659 eoninn‘
463 2596 632 2675 Sychaeus
654 2603 733 2676 erat,
757 2599 935 2658 ditissimus
955 2603 1047 2674 nori

211 2708 416 2771 Phoenicum.

132 2811 308 2878 Galaesum
332 2814 405 2895 Vll,
431 2811 508 2876 537:

722 2923 924 2987 Iustissimne
944 2945 1030 2987 nnne

213 3027 279 3104 Qui
294 3033 361 3110 fnit
382 3028 598 3108 Ausoniisque
619 3031 692 3088 olim
712 3027 888 3092 ditissimae
910 3008 1033 3092 συσίν.

98 3202 103 3215 ,
212 3138 360 3218 Quinque
379 3158 494 3214 yreqeo
515 3138 564 3197 illi
584 3138 758 3220 balantum,
781 3144 877 3219 qnmn
898 3141 1047 3200 redibant

211 3246 376 3315 Armenio,
399 3253 431 3306 et
452 3253 569 3307 terrum
590 3255 713 3311 centnm
734 3253 873 3312 vertebat
896 3256 1025 3314 aratris.

129 3354 173 3432 X,
195 3354 275 3416 562:

670 3463 870 3543 Fnlonmqne
892 3463 1068 3526 Camertem

211 3576 420 3654 Magnanimo
447 3575 615 3638 Volooente
635 3582 753 3654 aetum,
776 3575 952 3633 ditioeimne
973 3576 1069 3650 nori

214 3683 279 3760 oei
293 3688 361 3765 fnit
379 3684 581 3746 Ausonidum
602 3688 634 3743 et
651 3685 758 3743 tneitm
778 3684 925 3758 regnavit
944 3680 1097 3760 Amyclis.

128 3794 165 3855 ln
187 3779 371 3853 universum
391 3790 555 3872 glebarum
579 3786 755 3851 ubertatem
777 3778 942 3868 Vergilius
963 3784 1003 3848 de
1032 3785 1134 3866 putria
1162 3788 1254 3854 ltalia
1275 3808 1371 3873 prae·

128 3901 213 3964 dieat
235 3901 260 3976 1,
283 3896 356 3963 530.
379 3908 411 3961 et
432 3900 493 3980 ΙΙΙ,
516 3897 591 3960 163:

211 4008 398 4089 Bellonae,
420 4007 609 4086 Hesperiam
629 4005 714 4069 Grai
734 4009 917 4083 cognomine
938 4003 1060 4088 dieunt,

219 4116 317 4177 Terra
337 4121 477 4196 antiqno,
498 4120 612 4194 potone
632 4117 732 4175 nrmr'e
753 4116 856 4192 ndqne
877 4114 998 4174 nbere
1028 4113 1182 4191 glebae.

130 4222 327 4306 eandemque
347 4230 476 4307 saepius
497 4224 529 4286 in
551 4219 722 4303 Georgicis
744 4219 884 4303 (flam
898 4217 982 4294 173.)
1007 4217 1229 4303 condicionem.
1251 4216 1372 4279 Poste-

131 4335 233 4398 riores
244 4336 338 4398 etiarn
352 4343 468 4416 poetae
489 4335 520 4397 in
541 4335 602 4396 bae
623 4347 772 4414 agrorum
796 4327 888 4392 laude
909 4335 964 4409 aut
984 4325 1095 4389 imitati
1114 4334 1190 4391 sunt
1211 4330 1367 4404 nostrum,

129 4452 188 4507 aut
208 4442 322 4508 eodem
340 4459 439 4506 sensu
460 4440 546 4505 ducti
567 4459 598 4502 v.
619 4459 652 4524 g.
673 4438 799 4502 Statius
821 4434 921 4498 'rhen
938 4435 983 4513 V,
1004 4431 1086 4496 305:

209 4551 318 4615 Insula
338 4549 432 4616 dives
456 4549 574 4632 agris
597 4548 778 4633 opibusque
798 4547 958 4627 armisque
980 4542 1130 4624 virisque.
