3022 5234
192 254 251 317 122
686 255 739 316 De
761 255 943 320 navibus.

186 437 326 498 Nonnisi
340 433 481 496 sedecim
497 434 592 517 igitur
608 445 740 515 restant,
761 456 884 519 eaeque
902 458 1003 520 paene
1024 459 1044 502 a
1064 441 1170 503 Turno
1188 443 1249 522 IX,
1271 439 1323 503 72.
1339 460 1433 503 eom·

186 544 301 606 bastae
323 545 401 606 miro
423 554 537 625 poetae
557 545 686 606 invento
703 545 772 621 IX,
799 547 976 608 80-122.
1005 549 1036 608 iu
1059 550 1216 631 nymphae
1237 550 1334 611 marie
1356 567 1429 612 mu·

187 661 300 715 antur.
328 656 468 735 Quarum
489 676 553 718 una
576 658 618 730 X,
637 657 709 720 225.
733 655 859 720 Graeco
883 660 1009 721 nomine
1026 659 1221 737 Cymodocea
1242 659 1431 740 appellatur.

187 761 290 841 Quam
312 766 448 828 fabulam
470 775 574 828 utrum
596 766 760 848 Vergilius
782 786 802 827 e
821 785 880 827 ouo
901 766 1045 850 ingenio,
1076 787 1117 830 an
1145 787 1164 827 e
1186 768 1347 829 volumine
1369 768 1431 830 aii·-

187 889 248 951 quo
272 872 448 935 oblitterato
469 875 617 943 hauserit,
642 894 702 935 non
725 882 860 935 constat.
905 874 959 937 Aio
980 873 1108 956 quidem
1132 874 1188 950 IX,
1210 875 1263 937 73.
1292 906 1295 913 ·

142 975 144 979 ⁷
266 981 382 1041 Prieea
400 985 480 1059 fider
498 986 593 1060 facto,
615 984 675 1042 eed
689 985 780 1061 fama
798 987 958 1058 perennio.

186 1084 395 1165 quiremus,
428 1097 463 1148 ut
493 1087 648 1149 obscurus
675 1070 802 1149 omniuo
832 1096 898 1164 est,
934 1089 978 1148 ita
1005 1087 1073 1148 miri
1103 1085 1224 1174 Inventi
1254 1085 1429 1150 exeusandi

187 1213 284 1256 eausa
306 1193 431 1256 additus
450 1213 528 1257 esee
552 1193 683 1256 videtur.
725 1195 865 1259 Servius
886 1195 1000 1258 ealtem
1022 1213 1094 1256 oum
1116 1195 1321 1275 interpretum
1343 1196 1430 1256 anti-

184 1305 408 1383 quissimorum
428 1304 521 1365 turba
541 1303 644 1365 simiie
665 1303 822 1384 quidpiam
850 1324 912 1365 non
939 1305 1076 1385 repperit
1098 1305 1138 1366 ad
1160 1306 1221 1382 IX,
1249 1304 1301 1364 82.
1325 1304 1429 1369 adrio-

186 1419 273 1472 tans:
298 1411 523 1494 „Frgmentum
546 1411 607 1474 hoe
630 1411 704 1472 iicet
727 1416 886 1492 poeticum
907 1412 962 1492 sit,
983 1415 1185 1493 tamenquia
1203 1413 1348 1493 exemplo
1370 1429 1430 1475 oa·

187 1527 250 1596 ret,
284 1532 412 1585 notatur
443 1542 462 1586 a
490 1519 644 1588 eritieis.“
694 1525 729 1584 lu
763 1531 910 1604 promptu
928 1530 1150 1595 tameo-aunt,
1182 1540 1265 1602 quae
1289 1523 1431 1585 meronie

186 1631 442 1712 imaginationem
464 1633 503 1695 ad
526 1635 592 1695 tale
612 1633 798 1714 figmentum
822 1629 1061 1711 eompuiermntr
1088 1628 1244 1710 imagines
1272 1630 1347 1693 iiiae
1369 1651 1430 1698 na·

185 1745 272 1806 vium
303 1747 335 1806 in
362 1743 494 1822 picturis
521 1741 816 1816 Herculanensibus
843 1740 1109 1820 Pompeianieque
1137 1740 1217 1803 setis
1246 1740 1429 1822 frequentes

184 1847 804 1927 (Antiond’uroor.11,45.46.),quarum
815 1845 1305 1928 proraeoouiorumhumauorum
1318 1849 1428 1913 formio

185 1968 372 2041 exsurgunt,
394 1957 580 2038 nomineque
602 1954 799 2018 Graecorum
822 1959 992 2036 praecipue
1013 1955 1183 2017 triremium
1199 1974 1428 2036 saepenumero

185 2066 347 2128 adeabus
368 2064 559 2146 nymphisve
585 2062 748 2125 deductae.
800 2061 1033 2142 Aristophanes
1056 2080 1182 2144 quoque
1207 2064 1305 2144 equit
1337 2063 1425 2126 1313.

186 2175 329 2235 triremes
351 2167 539 2256 παρθένους
559 2171 739 2252 appeiievit.
788 2169 838 2234 Cf.
868 2169 1021 2250 picturam
1048 2169 1236 2232 Vatieanam
1257 2172 1290 2231 in
1313 2171 1426 2239 Mihin.

186 2282 316 2364 mythol.
345 2277 464 2343 Galler.
487 2278 565 2341 Tah.
594 2277 778 2341 ChXXVi.
799 2297 845 2339 nr.
870 2275 943 2339 652.
991 2275 1143 2338 Ceterum
1170 2280 1273 2357 quum
1297 2277 1425 2341 Aeaeae

185 2411 223 2454 eo
245 2392 316 2453 iooo
338 2407 449 2452 omnes
470 2407 573 2450 naves
590 2385 760 2468 perdiderit
780 2387 839 2464 (of.
860 2387 918 2462 IX,
941 2386 1031 2466 128),
1053 2384 1197 2449 dubitare
1212 2385 1327 2467 dique
1345 2403 1426 2466 poe-

184 2503 238 2578 eit,
260 2496 417 2582 quomodo
438 2498 537 2559 aitero
559 2495 611 2556 die
632 2496 675 2569 X,
699 2493 770 2555 ¹47:

557 2605 667 2667 Media
687 2603 815 2665 Aeneae
832 2600 924 2683 [reta
941 2610 1033 2665 noete
1052 2603 1190 2665 eeoodat.

183 2730 204 2778 'a
226 2715 407 2778 'l'arehonte
427 2713 544 2776 auxilia
564 2711 728 2793 petiturus.
757 2711 825 2774 Sed
846 2710 887 2773 ad
909 2710 1093 2780 Evandrum
1115 2711 1227 2773 Aeaea
1248 2730 1305 2792 per
1326 2711 1425 2772 'l'ihe-

184 2825 240 2886 rim
262 2832 358 2885 veeto
382 2841 483 2884 naves
509 2831 634 2884 ceterae
663 2829 805 2883 mutatae
837 2829 939 2889 erant
987 2822 1108 2885 Postea
1136 2819 1265 2904 quidem
1295 2818 1427 2882 foedere

183 2946 255 2992 oum
276 2926 456 2989 Tarchonte
481 2934 611 3008 peraeto
634 2927 676 3005 X,
704 2926 777 2988 155:

264 3037 408 3100 Olaeeem
430 3036 616 3096 reascendit
635 3037 734 3095 iureis
752 3053 834 3112 pene
855 3034 959 3114 Lydia
980 3038 1080 3101 divom

267 3146 416 3206 Externa
438 3145 605 3203 oommieoa
625 3143 704 3204 daei.
747 3140 869 3202 Aeneia
887 3147 1006 3221 papyrio

263 3254 376 3316 Prima
395 3256 487 3324 tenet,
511 3256 614 3310 rostro
636 3249 797 3325 Phryqioe
817 3251 986 3310 audianeta
1008 3250 1134 3328 ieonee3
1195 3328 1198 3333 .

264 3362 413 3421 Imrrrinet
432 3359 493 3419 Ida
513 3377 622 3439 reaper,
641 3358 789 3436 prosapie
808 3360 996 3434 pratieor'ma
1021 3358 1158 3420 Teneris.

181 3473 236 3550 qui
263 3484 382 3530 versus
412 3465 552 3526 fortasse
580 3485 619 3526 eo
650 3472 792 3543 tempore
822 3464 931 3544 scripti
952 3477 1037 3541 suut,
1067 3450 1129 3547 quo
1144 3451 1424 3543 mutationavium

184 3577 351 3639 Idaearum
373 3570 427 3637 ¹vel
447 3575 583 3637 noudum
605 3575 709 3637 animo
733 3582 800 3637 erat
823 3583 980 3656 oonoepta
1002 3575 1054 3636 vei
1072 3573 1177 3636 deleta
1191 3574 1264 3636 iam.
1292 3576 1425 3641 Novam

182 3705 262 3748 vero
285 3685 366 3746 hano
388 3684 526 3744 classem
548 3681 724 3762 triginta
746 3682 875 3742 navium
897 3682 996 3743 fuisse
1014 3680 1163 3744 videmus
1184 3684 1230 3764 X,
1249 3681 1329 3748 2132

268 3792 326 3852 Tot
345 3792 419 3852 teeti
435 3810 585 3868 proceres
607 3796 655 3850 ter
677 3793 768 3851 denia
788 3791 920 3850 naer'dae
941 3793 1031 3851 ibant
1300 3776 1303 3782 ⁴

262 3898 409 3960 Subsidio
434 3898 554 3973 Troiae,
575 3905 606 3959 et
627 3918 755 3977 eampoe
775 3899 856 3960 eade
878 3919 952 3960 aere
971 3901 1130 3965 secabant.

181 4005 247 4085 Qui
268 4023 417 4067 numerus
439 4024 533 4086 quum
554 4006 585 4067 iu
606 4005 822 4069 Romanorum
844 4006 993 4069 institutis
1013 4007 1106 4069 fuerit
1121 4006 1267 4091 insignio,
1290 4028 1311 4070 a
1327 4017 1425 4090 poeta

180 4132 243 4175 non
263 4113 333 4174 sine
353 4115 475 4173 ratione
496 4110 672 4174 adhibetur.
716 4111 799 4174 Audi
822 4113 904 4173 enim
925 4114 951 4193 Ι,
972 4112 1048 4174 269:
1072 4112 1189 4193 [imos]

265 4222 313 4282 Tr
321 4224 380 4298 ἐμ·
386 4226 455 4280 ata
475 4238 607 4297 mapnoe
628 4219 787 4279 volvendis
807 4221 967 4280 meroribus
990 4224 1074 4282 ordio

260 4333 389 4408 Inperio
409 4328 555 4406 explebit,
578 4345 773 4404 raparumque
793 4328 832 4386 ad
853 4328 927 4386 eede
948 4327 1065 4389 Laoim'

266 4439 459 4519 d'roaeferet,
483 4443 515 4496 et
534 4436 660 4512 lenpam
682 4434 782 4494 reialta
803 4437 834 4494 or'
853 4439 974 4495 muniet
993 4435 1117 4497 Auem.

178 4575 238 4657 111,
259 4572 338 4637 390:

259 4683 397 4745 Litorea'e
418 4686 531 4759 inpane
552 4683 678 4741 inventa
699 4682 759 4743 ead
780 4681 996 4754 ilicitanae,

264 4793 452 4870 Tripr'nta
472 4796 610 4872 capitam
626 4794 716 4874 fetae
736 4795 835 4854 enixa
856 4794 979 4854 iacebit.
