<?xml version="1.0" encoding="UTF-8"?>
<!DOCTYPE html PUBLIC "-//W3C//DTD XHTML 1.0 Transitional//EN"
    "http://www.w3.org/TR/xhtml1/DTD/xhtml1-transitional.dtd">
<html xmlns="http://www.w3.org/1999/xhtml" xml:lang="en" lang="en">
 <head>
  <title>
</title>
<meta http-equiv="Content-Type" content="text/html;charset=utf-8" />
  <meta name='ocr-system' content='tesseract 3.04.00' />
  <meta name='ocr-capabilities' content='ocr_page ocr_carea ocr_par ocr_line ocrx_word'/>
</head>
<body>
  <div class='ocr_page' id='page_1' title='image "./antiquitatesver00lersgoog_0083.png"; bbox 0 0 3022 5234; ppageno 0'>
   <div class='ocr_carea' id='block_1_1' title="bbox 213 242 1352 330">
    <p class='ocr_par' dir='ltr' id='par_1_1' title="bbox 213 242 1352 330">
     <span class='ocr_line' id='line_1_1' title="bbox 213 242 1352 330; baseline -0.006 -18"><span class='ocrx_word' id='word_1_1' title='bbox 213 251 256 312; x_wconf 64' lang='grc' dir='ltr'><strong>(Β</strong></span> <span class='ocrx_word' id='word_1_2' title='bbox 315 245 555 330; x_wconf 69' lang='lat' dir='ltr'><strong>liciolipes,</strong></span> <span class='ocrx_word' id='word_1_3' title='bbox 575 252 709 323; x_wconf 85' lang='lat' dir='ltr'><strong>scuto,</strong></span> <span class='ocrx_word' id='word_1_4' title='bbox 731 262 886 324; x_wconf 74' lang='lat' dir='ltr'><strong>parma,</strong></span> <span class='ocrx_word' id='word_1_5' title='bbox 909 244 1033 324; x_wconf 83' lang='lat' dir='ltr'><strong>pelta,</strong></span> <span class='ocrx_word' id='word_1_6' title='bbox 1055 250 1190 325; x_wconf 78' lang='lat' dir='ltr'><strong>cetra,</strong></span> <span class='ocrx_word' id='word_1_7' title='bbox 1210 242 1352 309; x_wconf 81' lang='lat' dir='ltr'><strong>ancili.</strong></span> 
     </span>
    </p>
   </div>
   <div class='ocr_carea' id='block_1_2' title="bbox 213 423 1460 510">
    <p class='ocr_par' dir='ltr' id='par_1_2' title="bbox 213 423 1460 510">
     <span class='ocr_line' id='line_1_2' title="bbox 213 423 1460 510; baseline -0.006 -14"><span class='ocrx_word' id='word_1_8' title='bbox 213 429 400 497; x_wconf 65' lang='lat' dir='ltr'><strong>tabulatis.</strong></span> <span class='ocrx_word' id='word_1_9' title='bbox 430 425 610 510; x_wconf 78' lang='lat' dir='ltr'><strong>Augusti</strong></span> <span class='ocrx_word' id='word_1_10' title='bbox 632 424 870 506; x_wconf 88' lang='lat' dir='ltr'><strong>triumphum</strong></span> <span class='ocrx_word' id='word_1_11' title='bbox 892 427 971 487; x_wconf 89' lang='lat' dir='ltr'><strong>mira</strong></span> <span class='ocrx_word' id='word_1_12' title='bbox 992 425 1146 489; x_wconf 77' lang='lat' dir='ltr'><strong>felicitato</strong></span> <span class='ocrx_word' id='word_1_13' title='bbox 1167 425 1316 493; x_wconf 79' lang='lat' dir='ltr'><strong>condidit</strong></span> <span class='ocrx_word' id='word_1_14' title='bbox 1357 423 1460 509; x_wconf 84' lang='lat' dir='ltr'><strong>Ordo,</strong></span> 
     </span>
    </p>
   </div>
   <div class='ocr_carea' id='block_1_3' title="bbox 159 540 1468 3423">
    <p class='ocr_par' dir='ltr' id='par_1_3' title="bbox 159 540 1468 2784">
     <span class='ocr_line' id='line_1_3' title="bbox 211 540 1460 624; baseline -0.005 -17"><span class='ocrx_word' id='word_1_15' title='bbox 211 540 410 624; x_wconf 82' lang='lat' dir='ltr'><strong>quidcunque</strong></span> <span class='ocrx_word' id='word_1_16' title='bbox 441 540 481 603; x_wconf 92' lang='lat' dir='ltr'><strong>de</strong></span> <span class='ocrx_word' id='word_1_17' title='bbox 513 542 576 602; x_wconf 89' lang='lat' dir='ltr'><strong>hac</strong></span> <span class='ocrx_word' id='word_1_18' title='bbox 597 540 803 620; x_wconf 83' lang='lat' dir='ltr'><strong>dispositione</strong></span> <span class='ocrx_word' id='word_1_19' title='bbox 825 541 993 621; x_wconf 83' lang='lat' dir='ltr'><strong>senseris,</strong></span> <span class='ocrx_word' id='word_1_20' title='bbox 1016 541 1090 602; x_wconf 88' lang='lat' dir='ltr'><strong>talis</strong></span> <span class='ocrx_word' id='word_1_21' title='bbox 1111 545 1189 624; x_wconf 82' lang='lat' dir='ltr'><strong>erit,</strong></span> <span class='ocrx_word' id='word_1_22' title='bbox 1211 551 1246 602; x_wconf 88' lang='lat' dir='ltr'><strong>ut</strong></span> <span class='ocrx_word' id='word_1_23' title='bbox 1266 540 1460 621; x_wconf 81' lang='lat' dir='ltr'><strong>Capitolium</strong></span> 
     </span>
     <span class='ocr_line' id='line_1_4' title="bbox 211 646 1462 729; baseline -0.002 -17"><span class='ocrx_word' id='word_1_24' title='bbox 211 650 247 712; x_wconf 79' lang='lat' dir='ltr'><strong>in</strong></span> <span class='ocrx_word' id='word_1_25' title='bbox 262 670 388 716; x_wconf 91' lang='lat' dir='ltr'><strong>summo</strong></span> <span class='ocrx_word' id='word_1_26' title='bbox 408 648 525 723; x_wconf 75' lang='grc'><strong>(652.)</strong></span> <span class='ocrx_word' id='word_1_27' title='bbox 547 648 669 729; x_wconf 86' lang='lat' dir='ltr'><strong>clipeo,</strong></span> <span class='ocrx_word' id='word_1_28' title='bbox 699 648 866 707; x_wconf 75' lang='lat' dir='ltr'><strong>Tartarum</strong></span> <span class='ocrx_word' id='word_1_29' title='bbox 899 647 930 707; x_wconf 91' lang='lat' dir='ltr'><strong>iu</strong></span> <span class='ocrx_word' id='word_1_30' title='bbox 952 646 1035 727; x_wconf 90' lang='lat' dir='ltr'><strong>imo,</strong></span> <span class='ocrx_word' id='word_1_31' title='bbox 1064 666 1153 709; x_wconf 85' lang='lat' dir='ltr'><strong>mare</strong></span> <span class='ocrx_word' id='word_1_32' title='bbox 1173 651 1205 709; x_wconf 90' lang='lat' dir='ltr'><strong>io</strong></span> <span class='ocrx_word' id='word_1_33' title='bbox 1227 646 1332 709; x_wconf 86' lang='lat' dir='ltr'><strong>medio</strong></span> <span class='ocrx_word' id='word_1_34' title='bbox 1354 647 1462 711; x_wconf 83' lang='lat' dir='ltr'><strong>lbissa</strong></span> 
     </span>
     <span class='ocr_line' id='line_1_5' title="bbox 212 757 1462 843; baseline 0.002 -23"><span class='ocrx_word' id='word_1_35' title='bbox 212 759 282 840; x_wconf 87' lang='lat' dir='ltr'><strong>ipso</strong></span> <span class='ocrx_word' id='word_1_36' title='bbox 315 778 506 843; x_wconf 84' lang='lat' dir='ltr'><strong>cognoscas.</strong></span> <span class='ocrx_word' id='word_1_37' title='bbox 552 760 600 820; x_wconf 83' lang='lat' dir='ltr'><strong>Ab</strong></span> <span class='ocrx_word' id='word_1_38' title='bbox 628 759 761 818; x_wconf 80' lang='lat' dir='ltr'><strong>Homeri</strong></span> <span class='ocrx_word' id='word_1_39' title='bbox 783 757 884 838; x_wconf 85' lang='lat' dir='ltr'><strong>clipeo</strong></span> <span class='ocrx_word' id='word_1_40' title='bbox 908 758 970 819; x_wconf 93' lang='lat' dir='ltr'><strong>hoc</strong></span> <span class='ocrx_word' id='word_1_41' title='bbox 990 760 1205 840; x_wconf 73' lang='lat' dir='ltr'><strong>maximopere</strong></span> <span class='ocrx_word' id='word_1_42' title='bbox 1226 759 1340 841; x_wconf 80' lang='lat' dir='ltr'><strong>distat,</strong></span> <span class='ocrx_word' id='word_1_43' title='bbox 1374 759 1462 840; x_wconf 90' lang='lat' dir='ltr'><strong>quod</strong></span> 
     </span>
     <span class='ocr_line' id='line_1_6' title="bbox 210 862 1461 947; baseline 0.004 -23"><span class='ocrx_word' id='word_1_44' title='bbox 210 863 262 925; x_wconf 89' lang='lat' dir='ltr'><strong>ille</strong></span> <span class='ocrx_word' id='word_1_45' title='bbox 290 883 414 926; x_wconf 89' lang='lat' dir='ltr'><strong>omnem</strong></span> <span class='ocrx_word' id='word_1_46' title='bbox 446 865 543 926; x_wconf 89' lang='lat' dir='ltr'><strong>vitam</strong></span> <span class='ocrx_word' id='word_1_47' title='bbox 573 862 740 924; x_wconf 81' lang='lat' dir='ltr'><strong>humanam</strong></span> <span class='ocrx_word' id='word_1_48' title='bbox 771 871 803 924; x_wconf 89' lang='lat' dir='ltr'><strong>et</strong></span> <span class='ocrx_word' id='word_1_49' title='bbox 832 864 904 925; x_wconf 90' lang='lat' dir='ltr'><strong>belli</strong></span> <span class='ocrx_word' id='word_1_50' title='bbox 932 866 1067 927; x_wconf 91' lang='lat' dir='ltr'><strong>tumultu</strong></span> <span class='ocrx_word' id='word_1_51' title='bbox 1097 874 1128 927; x_wconf 87' lang='lat' dir='ltr'><strong>et</strong></span> <span class='ocrx_word' id='word_1_52' title='bbox 1152 867 1240 947; x_wconf 80' lang='lat' dir='ltr'><strong>pacis</strong></span> <span class='ocrx_word' id='word_1_53' title='bbox 1268 867 1386 928; x_wconf 89' lang='lat' dir='ltr'><strong>artibus</strong></span> <span class='ocrx_word' id='word_1_54' title='bbox 1408 868 1461 929; x_wconf 87' lang='lat' dir='ltr'><strong>in·</strong></span> 
     </span>
     <span class='ocr_line' id='line_1_7' title="bbox 211 972 1461 1055; baseline 0.004 -23"><span class='ocrx_word' id='word_1_55' title='bbox 211 972 344 1053; x_wconf 82' lang='lat' dir='ltr'><strong>signem,</strong></span> <span class='ocrx_word' id='word_1_56' title='bbox 369 972 529 1054; x_wconf 88' lang='lat' dir='ltr'><strong>olympum</strong></span> <span class='ocrx_word' id='word_1_57' title='bbox 552 977 732 1051; x_wconf 85' lang='lat' dir='ltr'><strong>terramque</strong></span> <span class='ocrx_word' id='word_1_58' title='bbox 754 979 787 1031; x_wconf 88' lang='lat' dir='ltr'><strong>et</strong></span> <span class='ocrx_word' id='word_1_59' title='bbox 808 989 972 1046; x_wconf 85' lang='lat' dir='ltr'><strong>oceanum,</strong></span> <span class='ocrx_word' id='word_1_60' title='bbox 992 981 1102 1034; x_wconf 90' lang='lat' dir='ltr'><strong>noster</strong></span> <span class='ocrx_word' id='word_1_61' title='bbox 1114 991 1202 1050; x_wconf 85' lang='lat' dir='ltr'><strong>vero,</strong></span> <span class='ocrx_word' id='word_1_62' title='bbox 1228 977 1282 1055; x_wconf 91' lang='lat' dir='ltr'><strong>qui</strong></span> <span class='ocrx_word' id='word_1_63' title='bbox 1303 975 1365 1036; x_wconf 90' lang='lat' dir='ltr'><strong>iam</strong></span> <span class='ocrx_word' id='word_1_64' title='bbox 1380 974 1461 1037; x_wconf 92' lang='lat' dir='ltr'><strong>libro</strong></span> 
     </span>
     <span class='ocr_line' id='line_1_8' title="bbox 211 1076 1462 1156; baseline 0.004 -18"><span class='ocrx_word' id='word_1_65' title='bbox 211 1085 305 1143; x_wconf 82' lang='lat' dir='ltr'><strong>sexto</strong></span> <span class='ocrx_word' id='word_1_66' title='bbox 341 1078 429 1143; x_wconf 91' lang='lat' dir='ltr'><strong>viros</strong></span> <span class='ocrx_word' id='word_1_67' title='bbox 467 1077 496 1137; x_wconf 93' lang='lat' dir='ltr'><strong>in</strong></span> <span class='ocrx_word' id='word_1_68' title='bbox 529 1076 695 1156; x_wconf 88' lang='lat' dir='ltr'><strong>republica</strong></span> <span class='ocrx_word' id='word_1_69' title='bbox 734 1077 991 1154; x_wconf 88' lang='lat' dir='ltr'><strong>spectatissimos</strong></span> <span class='ocrx_word' id='word_1_70' title='bbox 1023 1076 1225 1154; x_wconf 80' lang='lat' dir='ltr'><strong>laudaverat,</strong></span> <span class='ocrx_word' id='word_1_71' title='bbox 1266 1079 1319 1140; x_wconf 92' lang='lat' dir='ltr'><strong>hic</strong></span> <span class='ocrx_word' id='word_1_72' title='bbox 1347 1080 1462 1145; x_wconf 79' lang='lat' dir='ltr'><strong>bolla</strong></span> 
     </span>
     <span class='ocr_line' id='line_1_9' title="bbox 213 1183 1463 1266; baseline 0.001 -17"><span class='ocrx_word' id='word_1_73' title='bbox 213 1185 385 1266; x_wconf 81' lang='lat' dir='ltr'><strong>praecipue</strong></span> <span class='ocrx_word' id='word_1_74' title='bbox 399 1184 441 1247; x_wconf 90' lang='lat' dir='ltr'><strong>ad</strong></span> <span class='ocrx_word' id='word_1_75' title='bbox 455 1183 670 1246; x_wconf 80' lang='lat' dir='ltr'><strong>Romanorum</strong></span> <span class='ocrx_word' id='word_1_76' title='bbox 680 1183 828 1244; x_wconf 88' lang='lat' dir='ltr'><strong>virtutem</strong></span> <span class='ocrx_word' id='word_1_77' title='bbox 841 1183 1063 1246; x_wconf 78' lang='lat' dir='ltr'><strong>celebrandam</strong></span> <span class='ocrx_word' id='word_1_78' title='bbox 1083 1187 1252 1264; x_wconf 84' lang='lat' dir='ltr'><strong>expressit,</strong></span> <span class='ocrx_word' id='word_1_79' title='bbox 1264 1189 1364 1248; x_wconf 80' lang='lat' dir='ltr'><strong>vitam</strong></span> <span class='ocrx_word' id='word_1_80' title='bbox 1381 1205 1463 1250; x_wconf 80' lang='lat' dir='ltr'><strong>varo</strong></span> 
     </span>
     <span class='ocr_line' id='line_1_10' title="bbox 215 1289 1460 1377; baseline 0.004 -25"><span class='ocrx_word' id='word_1_81' title='bbox 215 1293 373 1374; x_wconf 87' lang='lat' dir='ltr'><strong>privatam</strong></span> <span class='ocrx_word' id='word_1_82' title='bbox 387 1291 511 1352; x_wconf 89' lang='lat' dir='ltr'><strong>omuino</strong></span> <span class='ocrx_word' id='word_1_83' title='bbox 527 1292 620 1362; x_wconf 81' lang='lat' dir='ltr'><strong>misit,</strong></span> <span class='ocrx_word' id='word_1_84' title='bbox 634 1289 796 1350; x_wconf 87' lang='lat' dir='ltr'><strong>Homerus</strong></span> <span class='ocrx_word' id='word_1_85' title='bbox 809 1291 964 1370; x_wconf 84' lang='lat' dir='ltr'><strong>integrum</strong></span> <span class='ocrx_word' id='word_1_86' title='bbox 981 1292 1085 1352; x_wconf 89' lang='lat' dir='ltr'><strong>orbem</strong></span> <span class='ocrx_word' id='word_1_87' title='bbox 1109 1300 1276 1373; x_wconf 88' lang='lat' dir='ltr'><strong>terrarum,</strong></span> <span class='ocrx_word' id='word_1_88' title='bbox 1291 1294 1460 1377; x_wconf 74' lang='lat' dir='ltr'><strong>Vergilius</strong></span> 
     </span>
     <span class='ocr_line' id='line_1_11' title="bbox 216 1394 1463 1482; baseline 0.003 -22"><span class='ocrx_word' id='word_1_89' title='bbox 216 1409 311 1482; x_wconf 89' lang='lat' dir='ltr'><strong>caput</strong></span> <span class='ocrx_word' id='word_1_90' title='bbox 338 1399 422 1460; x_wconf 89' lang='lat' dir='ltr'><strong>orbis</strong></span> <span class='ocrx_word' id='word_1_91' title='bbox 451 1399 623 1478; x_wconf 80' lang='lat' dir='ltr'><strong>spectavit.</strong></span> <span class='ocrx_word' id='word_1_92' title='bbox 669 1394 788 1458; x_wconf 83' lang='lat' dir='ltr'><strong>Verum</strong></span> <span class='ocrx_word' id='word_1_93' title='bbox 825 1394 986 1460; x_wconf 86' lang='lat' dir='ltr'><strong>Graecum</strong></span> <span class='ocrx_word' id='word_1_94' title='bbox 1021 1398 1155 1461; x_wconf 86' lang='lat' dir='ltr'><strong>forsitan</strong></span> <span class='ocrx_word' id='word_1_95' title='bbox 1186 1400 1366 1482; x_wconf 84' lang='lat' dir='ltr'><strong>exemplum</strong></span> <span class='ocrx_word' id='word_1_96' title='bbox 1398 1422 1463 1464; x_wconf 92' lang='lat' dir='ltr'><strong>non</strong></span> 
     </span>
     <span class='ocr_line' id='line_1_12' title="bbox 214 1507 1463 1595; baseline 0.005 -25"><span class='ocrx_word' id='word_1_97' title='bbox 214 1519 348 1572; x_wconf 88' lang='lat' dir='ltr'><strong>secutus</strong></span> <span class='ocrx_word' id='word_1_98' title='bbox 369 1518 457 1571; x_wconf 87' lang='lat' dir='ltr'><strong>esset</strong></span> <span class='ocrx_word' id='word_1_99' title='bbox 477 1518 584 1591; x_wconf 88' lang='lat' dir='ltr'><strong>poeta,</strong></span> <span class='ocrx_word' id='word_1_100' title='bbox 606 1507 635 1568; x_wconf 93' lang='lat' dir='ltr'><strong>si</strong></span> <span class='ocrx_word' id='word_1_101' title='bbox 657 1526 719 1567; x_wconf 92' lang='lat' dir='ltr'><strong>non</strong></span> <span class='ocrx_word' id='word_1_102' title='bbox 740 1508 956 1571; x_wconf 85' lang='lat' dir='ltr'><strong>Romanorum</strong></span> <span class='ocrx_word' id='word_1_103' title='bbox 979 1529 1189 1591; x_wconf 87' lang='lat' dir='ltr'><strong>qnoquemos</strong></span> <span class='ocrx_word' id='word_1_104' title='bbox 1203 1511 1318 1573; x_wconf 87' lang='lat' dir='ltr'><strong>fuisset</strong></span> <span class='ocrx_word' id='word_1_105' title='bbox 1338 1515 1463 1595; x_wconf 79' lang='lat' dir='ltr'><strong>clipeos</strong></span> 
     </span>
     <span class='ocr_line' id='line_1_13' title="bbox 214 1618 1462 1706; baseline -0.002 -22"><span class='ocrx_word' id='word_1_106' title='bbox 214 1623 329 1706; x_wconf 86' lang='lat' dir='ltr'><strong>insigni</strong></span> <span class='ocrx_word' id='word_1_107' title='bbox 351 1624 457 1704; x_wconf 87' lang='lat' dir='ltr'><strong>aliquo</strong></span> <span class='ocrx_word' id='word_1_108' title='bbox 480 1620 620 1686; x_wconf 83' lang='lat' dir='ltr'><strong>ornandi.</strong></span> <span class='ocrx_word' id='word_1_109' title='bbox 663 1622 753 1683; x_wconf 82' lang='lat' dir='ltr'><strong>&#39;l&#39;slia</strong></span> <span class='ocrx_word' id='word_1_110' title='bbox 776 1621 856 1682; x_wconf 90' lang='lat' dir='ltr'><strong>enim</strong></span> <span class='ocrx_word' id='word_1_111' title='bbox 877 1621 1022 1702; x_wconf 83' lang='lat' dir='ltr'><strong>insignia,</strong></span> <span class='ocrx_word' id='word_1_112' title='bbox 1047 1645 1066 1685; x_wconf 90' lang='lat' dir='ltr'><strong>e</strong></span> <span class='ocrx_word' id='word_1_113' title='bbox 1088 1624 1201 1704; x_wconf 88' lang='lat' dir='ltr'><strong>quibus</strong></span> <span class='ocrx_word' id='word_1_114' title='bbox 1223 1631 1257 1685; x_wconf 88' lang='lat' dir='ltr'><strong>et</strong></span> <span class='ocrx_word' id='word_1_115' title='bbox 1276 1618 1371 1686; x_wconf 91' lang='lat' dir='ltr'><strong>medii</strong></span> <span class='ocrx_word' id='word_1_116' title='bbox 1387 1621 1462 1682; x_wconf 82' lang='lat' dir='ltr'><strong>aevi</strong></span> 
     </span>
     <span class='ocr_line' id='line_1_14' title="bbox 217 1726 1464 1813; baseline -0.002 -19"><span class='ocrx_word' id='word_1_117' title='bbox 217 1741 251 1794; x_wconf 89' lang='lat' dir='ltr'><strong>ot</strong></span> <span class='ocrx_word' id='word_1_118' title='bbox 269 1740 397 1795; x_wconf 88' lang='lat' dir='ltr'><strong>nostrae</strong></span> <span class='ocrx_word' id='word_1_119' title='bbox 420 1731 536 1793; x_wconf 81' lang='lat' dir='ltr'><strong>aetatis</strong></span> <span class='ocrx_word' id='word_1_120' title='bbox 557 1728 704 1790; x_wconf 87' lang='lat' dir='ltr'><strong>nobilium</strong></span> <span class='ocrx_word' id='word_1_121' title='bbox 727 1730 821 1809; x_wconf 86' lang='lat' dir='ltr'><strong>signa</strong></span> <span class='ocrx_word' id='word_1_122' title='bbox 836 1738 868 1790; x_wconf 92' lang='lat' dir='ltr'><strong>et</strong></span> <span class='ocrx_word' id='word_1_123' title='bbox 888 1730 995 1812; x_wconf 85' lang='lat' dir='ltr'><strong>sigilla</strong></span> <span class='ocrx_word' id='word_1_124' title='bbox 1011 1732 1163 1813; x_wconf 82' lang='lat' dir='ltr'><strong>originem</strong></span> <span class='ocrx_word' id='word_1_125' title='bbox 1181 1737 1356 1812; x_wconf 84' lang='lat' dir='ltr'><strong>traxerunt,</strong></span> <span class='ocrx_word' id='word_1_126' title='bbox 1377 1726 1464 1809; x_wconf 88' lang='lat' dir='ltr'><strong>apud</strong></span> 
     </span>
     <span class='ocr_line' id='line_1_15' title="bbox 215 1837 1466 1917; baseline -0.002 -16"><span class='ocrx_word' id='word_1_127' title='bbox 215 1839 415 1902; x_wconf 75' lang='lat' dir='ltr'><strong>multoniam</strong></span> <span class='ocrx_word' id='word_1_128' title='bbox 435 1841 583 1917; x_wconf 89' lang='lat' dir='ltr'><strong>antiquos</strong></span> <span class='ocrx_word' id='word_1_129' title='bbox 605 1837 740 1916; x_wconf 93' lang='lat' dir='ltr'><strong>populos</strong></span> <span class='ocrx_word' id='word_1_130' title='bbox 764 1839 963 1899; x_wconf 83' lang='lat' dir='ltr'><strong>exstiterunt.</strong></span> <span class='ocrx_word' id='word_1_131' title='bbox 1016 1841 1066 1900; x_wconf 89' lang='lat' dir='ltr'><strong>De</strong></span> <span class='ocrx_word' id='word_1_132' title='bbox 1088 1839 1241 1901; x_wconf 83' lang='lat' dir='ltr'><strong>llomanis</strong></span> <span class='ocrx_word' id='word_1_133' title='bbox 1263 1839 1347 1900; x_wconf 83' lang='lat' dir='ltr'><strong>haee</strong></span> <span class='ocrx_word' id='word_1_134' title='bbox 1366 1837 1466 1900; x_wconf 88' lang='lat' dir='ltr'><strong>testi-</strong></span> 
     </span>
     <span class='ocr_line' id='line_1_16' title="bbox 215 1941 1466 2024; baseline -0.002 -14"><span class='ocrx_word' id='word_1_135' title='bbox 215 1949 322 2010; x_wconf 81' lang='lat' dir='ltr'><strong>monia</strong></span> <span class='ocrx_word' id='word_1_136' title='bbox 347 1945 524 2019; x_wconf 86' lang='lat' dir='ltr'><strong>sulboiant,</strong></span> <span class='ocrx_word' id='word_1_137' title='bbox 553 1941 622 2004; x_wconf 82' lang='lat' dir='ltr'><strong>cio.</strong></span> <span class='ocrx_word' id='word_1_138' title='bbox 652 1941 693 2003; x_wconf 92' lang='lat' dir='ltr'><strong>de</strong></span> <span class='ocrx_word' id='word_1_139' title='bbox 713 1957 782 2004; x_wconf 85' lang='lat' dir='ltr'><strong>orat</strong></span> <span class='ocrx_word' id='word_1_140' title='bbox 803 1946 850 2019; x_wconf 89' lang='lat' dir='ltr'><strong>ll,</strong></span> <span class='ocrx_word' id='word_1_141' title='bbox 881 1944 939 2021; x_wconf 80' lang='grc'><strong>66,</strong></span> <span class='ocrx_word' id='word_1_142' title='bbox 968 1945 1044 2007; x_wconf 76' lang='lat'><strong>266:</strong></span> <span class='ocrx_word' id='word_1_143' title='bbox 1084 1945 1333 2024; x_wconf 86' lang='lat' dir='ltr'><strong>„Demonstravi</strong></span> <span class='ocrx_word' id='word_1_144' title='bbox 1364 1943 1466 2024; x_wconf 84' lang='lat' dir='ltr'><strong>digito</strong></span> 
     </span>
     <span class='ocr_line' id='line_1_17' title="bbox 216 2049 1462 2136; baseline 0.001 -22"><span class='ocrx_word' id='word_1_145' title='bbox 216 2056 335 2136; x_wconf 83' lang='lat' dir='ltr'><strong>pictum</strong></span> <span class='ocrx_word' id='word_1_146' title='bbox 356 2049 484 2115; x_wconf 87' lang='lat' dir='ltr'><strong>Gallum</strong></span> <span class='ocrx_word' id='word_1_147' title='bbox 507 2053 538 2112; x_wconf 92' lang='lat' dir='ltr'><strong>in</strong></span> <span class='ocrx_word' id='word_1_148' title='bbox 559 2052 704 2114; x_wconf 88' lang='lat' dir='ltr'><strong>Mariano</strong></span> <span class='ocrx_word' id='word_1_149' title='bbox 727 2062 819 2113; x_wconf 90' lang='lat' dir='ltr'><strong>scuto</strong></span> <span class='ocrx_word' id='word_1_150' title='bbox 847 2050 1027 2135; x_wconf 81' lang='lat' dir='ltr'><strong>Cimbrico,</strong></span> <span class='ocrx_word' id='word_1_151' title='bbox 1050 2054 1108 2114; x_wconf 91' lang='lat' dir='ltr'><strong>sub</strong></span> <span class='ocrx_word' id='word_1_152' title='bbox 1131 2055 1255 2127; x_wconf 85' lang='lat' dir='ltr'><strong>Novis,</strong></span> <span class='ocrx_word' id='word_1_153' title='bbox 1277 2050 1462 2129; x_wconf 88' lang='lat' dir='ltr'><strong>distortum,</strong></span> 
     </span>
     <span class='ocr_line' id='line_1_18' title="bbox 220 2156 1463 2240; baseline 0 -18"><span class='ocrx_word' id='word_1_154' title='bbox 220 2163 323 2222; x_wconf 87' lang='lat' dir='ltr'><strong>eiecta</strong></span> <span class='ocrx_word' id='word_1_155' title='bbox 343 2159 466 2240; x_wconf 82' lang='lat' dir='ltr'><strong>lingua,</strong></span> <span class='ocrx_word' id='word_1_156' title='bbox 496 2158 604 2220; x_wconf 87' lang='lat' dir='ltr'><strong>buccis</strong></span> <span class='ocrx_word' id='word_1_157' title='bbox 633 2156 838 2225; x_wconf 83' lang='lat' dir='ltr'><strong>fluentibus.“</strong></span> <span class='ocrx_word' id='word_1_158' title='bbox 879 2162 960 2223; x_wconf 91' lang='lat' dir='ltr'><strong>Plio.</strong></span> <span class='ocrx_word' id='word_1_159' title='bbox 995 2163 1037 2226; x_wconf 89' lang='lat' dir='ltr'><strong>N.</strong></span> <span class='ocrx_word' id='word_1_160' title='bbox 1060 2163 1101 2227; x_wconf 86' lang='lat' dir='ltr'><strong>ll.</strong></span> <span class='ocrx_word' id='word_1_161' title='bbox 1123 2161 1267 2238; x_wconf 84' lang='lat' dir='ltr'>XXXV,</span> <span class='ocrx_word' id='word_1_162' title='bbox 1290 2161 1319 2222; x_wconf 80' lang='lat'><strong>4.</strong></span> <span class='ocrx_word' id='word_1_163' title='bbox 1341 2159 1463 2239; x_wconf 83' lang='lat' dir='ltr'><strong>Veget</strong></span> 
     </span>
     <span class='ocr_line' id='line_1_19' title="bbox 159 2266 1465 2355; baseline -0.002 -25"><span class='ocrx_word' id='word_1_164' title='bbox 159 2342 166 2355; x_wconf 27' lang='grc' dir='ltr'>ι</span> <span class='ocrx_word' id='word_1_165' title='bbox 218 2271 267 2349; x_wconf 86' lang='lat' dir='ltr'><strong>ll,</strong></span> <span class='ocrx_word' id='word_1_166' title='bbox 299 2268 352 2331; x_wconf 76' lang='lat'><strong>18:</strong></span> <span class='ocrx_word' id='word_1_167' title='bbox 389 2267 483 2348; x_wconf 86' lang='lat' dir='ltr'><strong>„Sed</strong></span> <span class='ocrx_word' id='word_1_168' title='bbox 509 2289 550 2331; x_wconf 84' lang='lat' dir='ltr'><strong>oo</strong></span> <span class='ocrx_word' id='word_1_169' title='bbox 573 2270 687 2332; x_wconf 89' lang='lat' dir='ltr'><strong>milites</strong></span> <span class='ocrx_word' id='word_1_170' title='bbox 710 2271 739 2354; x_wconf 81' lang='lat' dir='ltr'><strong>in</strong></span> <span class='ocrx_word' id='word_1_171' title='bbox 764 2270 898 2331; x_wconf 87' lang='lat' dir='ltr'><strong>tumultu</strong></span> <span class='ocrx_word' id='word_1_172' title='bbox 920 2271 1028 2351; x_wconf 87' lang='lat' dir='ltr'><strong>proelii</strong></span> <span class='ocrx_word' id='word_1_173' title='bbox 1050 2291 1070 2333; x_wconf 87' lang='lat' dir='ltr'><strong>a</strong></span> <span class='ocrx_word' id='word_1_174' title='bbox 1092 2273 1162 2331; x_wconf 88' lang='lat' dir='ltr'><strong>suis</strong></span> <span class='ocrx_word' id='word_1_175' title='bbox 1183 2266 1465 2331; x_wconf 79' lang='lat' dir='ltr'><strong>contubernalibus</strong></span> 
     </span>
     <span class='ocr_line' id='line_1_20' title="bbox 219 2374 1468 2460; baseline -0.002 -22"><span class='ocrx_word' id='word_1_176' title='bbox 219 2377 418 2455; x_wconf 88' lang='lat' dir='ltr'><strong>aberrarent,</strong></span> <span class='ocrx_word' id='word_1_177' title='bbox 448 2376 586 2447; x_wconf 84' lang='lat' dir='ltr'><strong>diuersis</strong></span> <span class='ocrx_word' id='word_1_178' title='bbox 615 2377 798 2439; x_wconf 82' lang='lat' dir='ltr'><strong>cohortibus</strong></span> <span class='ocrx_word' id='word_1_179' title='bbox 828 2376 957 2439; x_wconf 86' lang='lat' dir='ltr'><strong>diversa</strong></span> <span class='ocrx_word' id='word_1_180' title='bbox 989 2381 1021 2440; x_wconf 91' lang='lat' dir='ltr'><strong>lo</strong></span> <span class='ocrx_word' id='word_1_181' title='bbox 1044 2379 1147 2440; x_wconf 90' lang='lat' dir='ltr'><strong>scutis</strong></span> <span class='ocrx_word' id='word_1_182' title='bbox 1167 2379 1260 2460; x_wconf 84' lang='lat' dir='ltr'><strong>signa</strong></span> <span class='ocrx_word' id='word_1_183' title='bbox 1281 2374 1468 2456; x_wconf 86' lang='lat' dir='ltr'><strong>pingebant,</strong></span> 
     </span>
     <span class='ocr_line' id='line_1_21' title="bbox 218 2480 1467 2568; baseline 0.002 -21"><span class='ocrx_word' id='word_1_184' title='bbox 218 2485 337 2566; x_wconf 83' lang='lat' dir='ltr'><strong>utipsi</strong></span> <span class='ocrx_word' id='word_1_185' title='bbox 360 2486 527 2547; x_wconf 45' lang='lat' dir='ltr'><strong>&#39;nominant</strong></span> <span class='ocrx_word' id='word_1_186' title='bbox 555 2480 731 2568; x_wconf 75' lang='grc' dir='ltr'><strong><em>δείγματα,</em></strong></span> <span class='ocrx_word' id='word_1_187' title='bbox 765 2488 846 2547; x_wconf 90' lang='lat' dir='ltr'><strong>sicut</strong></span> <span class='ocrx_word' id='word_1_188' title='bbox 874 2488 971 2548; x_wconf 82' lang='lat' dir='ltr'><strong>etiam·</strong></span> <span class='ocrx_word' id='word_1_189' title='bbox 1000 2504 1084 2548; x_wconf 89' lang='lat' dir='ltr'><strong>nunc</strong></span> <span class='ocrx_word' id='word_1_190' title='bbox 1110 2488 1206 2548; x_wconf 90' lang='lat' dir='ltr'><strong>moris</strong></span> <span class='ocrx_word' id='word_1_191' title='bbox 1234 2493 1285 2545; x_wconf 89' lang='lat' dir='ltr'><strong>est</strong></span> <span class='ocrx_word' id='word_1_192' title='bbox 1305 2482 1412 2546; x_wconf 86' lang='lat' dir='ltr'><strong>lieri.“</strong></span> <span class='ocrx_word' id='word_1_193' title='bbox 1433 2495 1467 2549; x_wconf 87' lang='lat' dir='ltr'><strong>ot</strong></span> 
     </span>
     <span class='ocr_line' id='line_1_22' title="bbox 221 2593 1468 2677; baseline 0.003 -22"><span class='ocrx_word' id='word_1_194' title='bbox 221 2595 347 2675; x_wconf 87' lang='lat' dir='ltr'><strong>quaein</strong></span> <span class='ocrx_word' id='word_1_195' title='bbox 361 2593 474 2657; x_wconf 84' lang='lat' dir='ltr'><strong>notitia</strong></span> <span class='ocrx_word' id='word_1_196' title='bbox 489 2593 688 2674; x_wconf 83' lang='lat' dir='ltr'><strong>dignitatum,</strong></span> <span class='ocrx_word' id='word_1_197' title='bbox 702 2595 846 2655; x_wconf 86' lang='lat' dir='ltr'><strong>columna</strong></span> <span class='ocrx_word' id='word_1_198' title='bbox 861 2595 1009 2677; x_wconf 75' lang='lat' dir='ltr'><strong>Traiana,</strong></span> <span class='ocrx_word' id='word_1_199' title='bbox 1024 2595 1204 2676; x_wconf 85' lang='lat' dir='ltr'><strong>Aureliana,</strong></span> <span class='ocrx_word' id='word_1_200' title='bbox 1229 2603 1261 2655; x_wconf 88' lang='lat' dir='ltr'><strong>et</strong></span> <span class='ocrx_word' id='word_1_201' title='bbox 1282 2594 1368 2676; x_wconf 88' lang='lat' dir='ltr'><strong>apud</strong></span> <span class='ocrx_word' id='word_1_202' title='bbox 1378 2596 1468 2658; x_wconf 79' lang='lat' dir='ltr'><strong>Vor-</strong></span> 
     </span>
     <span class='ocr_line' id='line_1_23' title="bbox 219 2687 1468 2784; baseline 0.002 -22"><span class='ocrx_word' id='word_1_203' title='bbox 219 2702 327 2784; x_wconf 83' lang='lat' dir='ltr'><strong>gilium</strong></span> <span class='ocrx_word' id='word_1_204' title='bbox 350 2700 441 2762; x_wconf 91' lang='lat' dir='ltr'><strong>buius</strong></span> <span class='ocrx_word' id='word_1_205' title='bbox 463 2703 559 2761; x_wconf 91' lang='lat' dir='ltr'><strong>moris</strong></span> <span class='ocrx_word' id='word_1_206' title='bbox 581 2710 735 2763; x_wconf 85' lang='lat' dir='ltr'><strong>occurant</strong></span> <span class='ocrx_word' id='word_1_207' title='bbox 757 2700 958 2762; x_wconf 85' lang='lat' dir='ltr'><strong>documenta.</strong></span> <span class='ocrx_word' id='word_1_208' title='bbox 1000 2687 1166 2764; x_wconf 84' lang='lat' dir='ltr'><strong>Coroebus</strong></span> <span class='ocrx_word' id='word_1_209' title='bbox 1187 2704 1228 2782; x_wconf 84' lang='lat' dir='ltr'><strong>ll,</strong></span> <span class='ocrx_word' id='word_1_210' title='bbox 1244 2701 1322 2763; x_wconf 69' lang='lat'><strong>389.</strong></span> <span class='ocrx_word' id='word_1_211' title='bbox 1337 2702 1468 2765; x_wconf 84' lang='lat' dir='ltr'><strong>suadet:</strong></span> 
     </span>
    </p>

    <p class='ocr_par' dir='ltr' id='par_1_4' title="bbox 303 2808 1225 2889">
     <span class='ocr_line' id='line_1_24' title="bbox 303 2808 1225 2889; baseline 0.003 -22"><span class='ocrx_word' id='word_1_212' title='bbox 303 2808 467 2868; x_wconf 68' lang='lat' dir='ltr'><strong>Marsuae</strong></span> <span class='ocrx_word' id='word_1_213' title='bbox 488 2808 661 2888; x_wconf 83' lang='lat' dir='ltr'><strong>clipeos,</strong></span> <span class='ocrx_word' id='word_1_214' title='bbox 693 2813 908 2889; x_wconf 79' lang='lat' dir='ltr'><strong>Danaumque</strong></span> <span class='ocrx_word' id='word_1_215' title='bbox 927 2815 1115 2888; x_wconf 80' lang='lat' dir='ltr'><strong>insipmo</strong></span> <span class='ocrx_word' id='word_1_216' title='bbox 1135 2812 1225 2871; x_wconf 85' lang='lat' dir='ltr'><strong>nobis</strong></span> 
     </span>
    </p>

    <p class='ocr_par' dir='ltr' id='par_1_5' title="bbox 221 2900 940 3100">
     <span class='ocr_line' id='line_1_25' title="bbox 305 2900 940 2995; baseline 0 -19"><span class='ocrx_word' id='word_1_217' title='bbox 305 2916 468 2995; x_wconf 73' lang='lat' dir='ltr'><strong>Apionos.</strong></span> <span class='ocrx_word' id='word_1_218' title='bbox 939 2900 940 2903; x_wconf 8' lang='grc' dir='ltr'><strong>Ἴ</strong></span> 
     </span>
     <span class='ocr_line' id='line_1_26' title="bbox 221 3023 470 3100; baseline -0.008 -13"><span class='ocrx_word' id='word_1_219' title='bbox 221 3025 309 3087; x_wconf 88' lang='lat' dir='ltr'><strong>ldem</strong></span> <span class='ocrx_word' id='word_1_220' title='bbox 331 3026 371 3100; x_wconf 89' lang='lat' dir='ltr'><strong>ll,</strong></span> <span class='ocrx_word' id='word_1_221' title='bbox 392 3023 470 3086; x_wconf 67' lang='lat'><strong>392:</strong></span> 
     </span>
    </p>

    <p class='ocr_par' dir='ltr' id='par_1_6' title="bbox 303 3133 1199 3212">
     <span class='ocr_line' id='line_1_27' title="bbox 303 3133 1199 3212; baseline -0.006 -14"><span class='ocrx_word' id='word_1_222' title='bbox 303 3133 609 3211; x_wconf 76' lang='lat' dir='ltr'><strong>Artdropea‘paloam</strong></span> <span class='ocrx_word' id='word_1_223' title='bbox 631 3133 837 3212; x_wconf 77' lang='lat' dir='ltr'><strong>clipeique</strong></span> <span class='ocrx_word' id='word_1_224' title='bbox 859 3138 1030 3210; x_wconf 67' lang='lat' dir='ltr'><strong>insipere</strong></span> <span class='ocrx_word' id='word_1_225' title='bbox 1051 3135 1199 3193; x_wconf 75' lang='lat' dir='ltr'><strong>decorum</strong></span> 
     </span>
    </p>

    <p class='ocr_par' dir='ltr' id='par_1_7' title="bbox 223 3243 637 3423">
     <span class='ocr_line' id='line_1_28' title="bbox 303 3243 463 3304; baseline -0.031 0"><span class='ocrx_word' id='word_1_226' title='bbox 303 3243 463 3304; x_wconf 65' lang='lat' dir='ltr'><strong>lassatur.</strong></span> 
     </span>
     <span class='ocr_line' id='line_1_29' title="bbox 223 3343 637 3423; baseline -0.019 -9"><span class='ocrx_word' id='word_1_227' title='bbox 223 3350 342 3414; x_wconf 79' lang='lat' dir='ltr'><strong>Postea</strong></span> <span class='ocrx_word' id='word_1_228' title='bbox 363 3348 404 3423; x_wconf 88' lang='lat'><strong>11,</strong></span> <span class='ocrx_word' id='word_1_229' title='bbox 424 3346 503 3408; x_wconf 64' lang='grc' dir='ltr'><strong>Μ..</strong></span> <span class='ocrx_word' id='word_1_230' title='bbox 519 3343 637 3408; x_wconf 79' lang='lat' dir='ltr'><strong>Graeci</strong></span> 
     </span>
    </p>
   </div>
   <div class='ocr_carea' id='block_1_4' title="bbox 305 3454 1123 3636">
    <p class='ocr_par' dir='ltr' id='par_1_8' title="bbox 305 3454 1123 3636">
     <span class='ocr_line' id='line_1_30' title="bbox 305 3454 1123 3534; baseline -0.001 -19"><span class='ocrx_word' id='word_1_231' title='bbox 305 3454 487 3531; x_wconf 82' lang='lat' dir='ltr'><strong>Adparent:</strong></span> <span class='ocrx_word' id='word_1_232' title='bbox 506 3456 604 3530; x_wconf 62' lang='lat' dir='ltr'><strong>primi</strong></span> <span class='ocrx_word' id='word_1_233' title='bbox 624 3455 781 3531; x_wconf 81' lang='lat' dir='ltr'><strong>clipeos</strong></span> <span class='ocrx_word' id='word_1_234' title='bbox 800 3459 1039 3534; x_wconf 78' lang='lat' dir='ltr'><strong>mentitaque</strong></span> <span class='ocrx_word' id='word_1_235' title='bbox 1059 3457 1123 3515; x_wconf 78' lang='lat' dir='ltr'><strong>tela</strong></span> 
     </span>
     <span class='ocr_line' id='line_1_31' title="bbox 306 3559 525 3636; baseline -0.018 -15"><span class='ocrx_word' id='word_1_236' title='bbox 306 3559 525 3636; x_wconf 75' lang='lat' dir='ltr'><strong>Adpnoscuni.</strong></span> 
     </span>
    </p>
   </div>
   <div class='ocr_carea' id='block_1_5' title="bbox 225 3665 1303 4507">
    <p class='ocr_par' dir='ltr' id='par_1_9' title="bbox 225 3665 1303 4507">
     <span class='ocr_line' id='line_1_32' title="bbox 225 3665 399 3749; baseline -0.017 -20"><span class='ocrx_word' id='word_1_237' title='bbox 225 3667 302 3749; x_wconf 86' lang='lat' dir='ltr'><strong>Vll,</strong></span> <span class='ocrx_word' id='word_1_238' title='bbox 322 3665 399 3727; x_wconf 81' lang='lat'>657:</span> 
     </span>
     <span class='ocr_line' id='line_1_33' title="bbox 309 3767 1296 3850; baseline -0.002 -15"><span class='ocrx_word' id='word_1_239' title='bbox 309 3773 451 3835; x_wconf 81' lang='lat' dir='ltr'><strong>Pulclrer</strong></span> <span class='ocrx_word' id='word_1_240' title='bbox 472 3767 651 3831; x_wconf 67' lang='lat' dir='ltr'><strong>Ave-naas</strong></span> <span class='ocrx_word' id='word_1_241' title='bbox 672 3771 802 3847; x_wconf 81' lang='lat' dir='ltr'><strong>clipeo</strong></span> <span class='ocrx_word' id='word_1_242' title='bbox 813 3790 876 3850; x_wconf 80' lang='lat' dir='ltr'><strong>pse</strong></span> <span class='ocrx_word' id='word_1_243' title='bbox 896 3775 1062 3846; x_wconf 70' lang='lat' dir='ltr'><strong>insipere</strong></span> <span class='ocrx_word' id='word_1_244' title='bbox 1077 3778 1296 3849; x_wconf 80' lang='lat' dir='ltr'><strong>paternum</strong></span> 
     </span>
     <span class='ocr_line' id='line_1_34' title="bbox 310 3880 1303 3958; baseline -0.001 -16"><span class='ocrx_word' id='word_1_245' title='bbox 310 3880 442 3943; x_wconf 77' lang='lat' dir='ltr'><strong>Centum</strong></span> <span class='ocrx_word' id='word_1_246' title='bbox 463 3882 579 3953; x_wconf 71' lang='lat' dir='ltr'><strong>anquis</strong></span> <span class='ocrx_word' id='word_1_247' title='bbox 603 3882 801 3958; x_wconf 62' lang='lat' dir='ltr'><strong>ductamque</strong></span> <span class='ocrx_word' id='word_1_248' title='bbox 818 3883 905 3955; x_wconf 77' lang='lat' dir='ltr'><strong>perit</strong></span> <span class='ocrx_word' id='word_1_249' title='bbox 926 3882 1126 3957; x_wconf 77' lang='lat' dir='ltr'><strong>serpentibus</strong></span> <span class='ocrx_word' id='word_1_250' title='bbox 1146 3881 1303 3957; x_wconf 67' lang='lat' dir='ltr'><strong>Hydram.</strong></span> 
     </span>
     <span class='ocr_line' id='line_1_35' title="bbox 228 3985 698 4072; baseline -0.013 -17"><span class='ocrx_word' id='word_1_251' title='bbox 228 3990 374 4072; x_wconf 79' lang='lat' dir='ltr'><strong>lienique</strong></span> <span class='ocrx_word' id='word_1_252' title='bbox 396 3988 501 4050; x_wconf 70' lang='lat' dir='ltr'><strong>Turno</strong></span> <span class='ocrx_word' id='word_1_253' title='bbox 521 3985 597 4068; x_wconf 88' lang='lat' dir='ltr'><strong>Vll,</strong></span> <span class='ocrx_word' id='word_1_254' title='bbox 619 3987 698 4051; x_wconf 79' lang='lat'>789:</span> 
     </span>
     <span class='ocr_line' id='line_1_36' title="bbox 304 4092 1179 4172; baseline 0.002 -18"><span class='ocrx_word' id='word_1_255' title='bbox 304 4105 310 4115; x_wconf 89' lang='grc'>·</span> <span class='ocrx_word' id='word_1_256' title='bbox 491 4092 607 4155; x_wconf 88' lang='lat' dir='ltr'><strong>Leoem</strong></span> <span class='ocrx_word' id='word_1_257' title='bbox 629 4096 800 4172; x_wconf 83' lang='lat' dir='ltr'><strong>clipeum</strong></span> <span class='ocrx_word' id='word_1_258' title='bbox 821 4094 953 4154; x_wconf 80' lang='lat' dir='ltr'><strong>sublatis</strong></span> <span class='ocrx_word' id='word_1_259' title='bbox 973 4097 1123 4155; x_wconf 81' lang='lat' dir='ltr'><strong>comibus</strong></span> <span class='ocrx_word' id='word_1_260' title='bbox 1145 4097 1179 4156; x_wconf 88' lang='lat' dir='ltr'><strong>lc</strong></span> 
     </span>
     <span class='ocr_line' id='line_1_37' title="bbox 310 4202 1177 4278; baseline -0.001 -14"><span class='ocrx_word' id='word_1_261' title='bbox 310 4202 402 4264; x_wconf 83' lang='lat' dir='ltr'><strong>Auro</strong></span> <span class='ocrx_word' id='word_1_262' title='bbox 422 4203 668 4278; x_wconf 74' lang='lat' dir='ltr'><strong>insipnibst,</strong></span> <span class='ocrx_word' id='word_1_263' title='bbox 694 4206 875 4272; x_wconf 81' lang='lat' dir='ltr'><strong>iumsaetis</strong></span> <span class='ocrx_word' id='word_1_264' title='bbox 896 4205 1004 4270; x_wconf 70' lang='lat' dir='ltr'><strong>odada.</strong></span> <span class='ocrx_word' id='word_1_265' title='bbox 1027 4207 1091 4265; x_wconf 83' lang='lat' dir='ltr'><strong>ium</strong></span> <span class='ocrx_word' id='word_1_266' title='bbox 1113 4205 1177 4277; x_wconf 86' lang='lat' dir='ltr'><strong>bos,</strong></span> 
     </span>
     <span class='ocr_line' id='line_1_38' title="bbox 310 4308 1165 4393; baseline 0.002 -23"><span class='ocrx_word' id='word_1_267' title='bbox 310 4308 542 4387; x_wconf 79' lang='lat' dir='ltr'><strong>Arpumentum</strong></span> <span class='ocrx_word' id='word_1_268' title='bbox 562 4313 689 4386; x_wconf 73' lang='lat' dir='ltr'><strong>inpane,</strong></span> <span class='ocrx_word' id='word_1_269' title='bbox 710 4317 743 4370; x_wconf 86' lang='lat' dir='ltr'><strong>et</strong></span> <span class='ocrx_word' id='word_1_270' title='bbox 762 4317 868 4372; x_wconf 81' lang='lat' dir='ltr'><strong>custos</strong></span> <span class='ocrx_word' id='word_1_271' title='bbox 888 4314 1021 4387; x_wconf 78' lang='lat' dir='ltr'><strong>cirpinis</strong></span> <span class='ocrx_word' id='word_1_272' title='bbox 1042 4310 1165 4393; x_wconf 78' lang='lat' dir='ltr'><strong>Arpos,</strong></span> 
     </span>
     <span class='ocr_line' id='line_1_39' title="bbox 314 4419 1209 4507; baseline -0.002 -24"><span class='ocrx_word' id='word_1_273' title='bbox 314 4419 510 4507; x_wconf 64' lang='lat' dir='ltr'><strong>quadrataque</strong></span> <span class='ocrx_word' id='word_1_274' title='bbox 530 4437 653 4506; x_wconf 72' lang='lat' dir='ltr'><strong>omnam</strong></span> <span class='ocrx_word' id='word_1_275' title='bbox 667 4421 816 4497; x_wconf 75' lang='lat' dir='ltr'><strong>fundens</strong></span> <span class='ocrx_word' id='word_1_276' title='bbox 836 4427 930 4499; x_wconf 83' lang='lat' dir='ltr'><strong>puter</strong></span> <span class='ocrx_word' id='word_1_277' title='bbox 949 4420 1209 4493; x_wconf 80' lang='lat' dir='ltr'><strong>Inacbusurna.</strong></span> 
     </span>
    </p>
   </div>
   <div class='ocr_carea' id='block_1_6' title="bbox 232 4545 1471 4851">
    <p class='ocr_par' dir='ltr' id='par_1_10' title="bbox 232 4545 1471 4851">
     <span class='ocr_line' id='line_1_40' title="bbox 233 4545 1469 4639; baseline 0.006 -25"><span class='ocrx_word' id='word_1_278' title='bbox 233 4549 307 4631; x_wconf 70' lang='lat' dir='ltr'><strong>(Cf.</strong></span> <span class='ocrx_word' id='word_1_279' title='bbox 335 4551 531 4616; x_wconf 82' lang='lat' dir='ltr'><strong>Monumeot</strong></span> <span class='ocrx_word' id='word_1_280' title='bbox 567 4546 652 4639; x_wconf 85' lang='lat' dir='ltr'><strong>ined.</strong></span> <span class='ocrx_word' id='word_1_281' title='bbox 692 4545 764 4613; x_wconf 91' lang='lat' dir='ltr'><strong>dell’</strong></span> <span class='ocrx_word' id='word_1_282' title='bbox 798 4550 895 4613; x_wconf 83' lang='lat' dir='ltr'><strong>instit.</strong></span> <span class='ocrx_word' id='word_1_283' title='bbox 928 4551 1066 4619; x_wconf 79' lang='lat' dir='ltr'><strong>oroneol.</strong></span> <span class='ocrx_word' id='word_1_284' title='bbox 1097 4551 1172 4617; x_wconf 82' lang='lat' dir='ltr'><strong>Vol,</strong></span> <span class='ocrx_word' id='word_1_285' title='bbox 1204 4554 1246 4620; x_wconf 78' lang='lat'><strong>11.</strong></span> <span class='ocrx_word' id='word_1_286' title='bbox 1280 4551 1361 4619; x_wconf 67' lang='lat' dir='ltr'><strong>tan</strong></span> <span class='ocrx_word' id='word_1_287' title='bbox 1394 4553 1469 4628; x_wconf 60' lang='lat' dir='ltr'><strong>bb).</strong></span> 
     </span>
     <span class='ocr_line' id='line_1_41' title="bbox 232 4656 1470 4745; baseline 0.001 -23"><span class='ocrx_word' id='word_1_288' title='bbox 232 4657 507 4738; x_wconf 77' lang='lat' dir='ltr'><strong>Neumoobpeo</strong></span> <span class='ocrx_word' id='word_1_289' title='bbox 528 4656 623 4724; x_wconf 88' lang='lat' dir='ltr'><strong>inlato</strong></span> <span class='ocrx_word' id='word_1_290' title='bbox 646 4657 779 4721; x_wconf 85' lang='lat' dir='ltr'><strong>alienum</strong></span> <span class='ocrx_word' id='word_1_291' title='bbox 808 4657 883 4738; x_wconf 80' lang='lat' dir='ltr'><strong>quid</strong></span> <span class='ocrx_word' id='word_1_292' title='bbox 916 4659 1105 4741; x_wconf 83' lang='lat' dir='ltr'><strong>abantiquo</strong></span> <span class='ocrx_word' id='word_1_293' title='bbox 1136 4659 1470 4745; x_wconf 81' lang='lat' dir='ltr'><strong>babituRomanoin</strong></span> 
     </span>
     <span class='ocr_line' id='line_1_42' title="bbox 234 4764 1471 4851; baseline -0.004 -16"><span class='ocrx_word' id='word_1_294' title='bbox 234 4784 362 4835; x_wconf 72' lang='lat' dir='ltr'><strong>wiuari</strong></span> <span class='ocrx_word' id='word_1_295' title='bbox 393 4765 568 4847; x_wconf 70' lang='lat' dir='ltr'><strong>mropsisse</strong></span> <span class='ocrx_word' id='word_1_296' title='bbox 604 4775 745 4848; x_wconf 83' lang='lat' dir='ltr'><strong>potetur,</strong></span> <span class='ocrx_word' id='word_1_297' title='bbox 771 4764 916 4828; x_wconf 84' lang='lat' dir='ltr'><strong>audiatur</strong></span> <span class='ocrx_word' id='word_1_298' title='bbox 948 4765 1062 4833; x_wconf 76' lang='lat' dir='ltr'><strong>bivios</strong></span> <span class='ocrx_word' id='word_1_299' title='bbox 1093 4765 1186 4848; x_wconf 91' lang='lat' dir='ltr'>v111‚</span> <span class='ocrx_word' id='word_1_300' title='bbox 1207 4765 1246 4835; x_wconf 66' lang='lat'><strong>82</strong></span> <span class='ocrx_word' id='word_1_301' title='bbox 1288 4768 1471 4851; x_wconf 71' lang='lat' dir='ltr'><strong>„clipeis</strong></span> 
     </span>
    </p>
   </div>
   <div class='ocr_carea' id='block_1_7' title="bbox 0 0 1537 5234">
    <p class='ocr_par' dir='ltr' id='par_1_11' title="bbox 0 0 1537 5234">
     <span class='ocr_line' id='line_1_43' title="bbox 0 0 1537 5234; baseline 0 0"><span class='ocrx_word' id='word_1_302' title='bbox 0 0 1537 5234; x_wconf 95' lang='lat' dir='ltr'><strong> </strong></span> 
     </span>
    </p>
   </div>
  </div>
 </body>
</html>
