3022 5234
580 236 637 300 De
659 239 912 301 ornamentis.

210 417 321 480 Aurea
341 419 489 480 sollemni
507 428 642 481 comtum
660 441 754 499 quem
773 420 916 502 sibula
937 424 1003 482 ritu

167 534 170 539 '
211 525 370 610 Orobpius
389 536 421 589 et
439 533 531 589 tereti
552 531 722 589 nectebant
740 531 832 590 dente
854 531 987 604 cicadae.

127 628 180 693 Cf.
210 633 358 715 Thucyd.
386 636 417 710 1,
446 634 485 695 6:
530 628 579 714 [οἱ
599 624 785 719 Ἀθηναῖοι]
825 631 879 696 καὶ
907 630 1033 720 χρυσοῖν
1065 631 1219 720 τεττίγων
1250 635 1375 727 ἐνέρσει

127 727 292 821 κρωβύλον
313 729 528 820 ἀναδούμενοι
545 739 618 804 ’τῶν
646 736 679 804 ἐν
704 738 745 827 τῇ
775 738 904 827 κεφαλῇ
934 739 1060 827 τριχῶν.
1117 744 1305 826 Quanquam
1334 751 1375 815 do

127 848 209 910 Niso
232 871 292 912 non
316 853 426 916 iniuria
442 855 548 918 dicere
564 858 696 937 poteris,
718 856 950 918 Atheniensem
966 855 1106 921 habitum
1127 854 1156 916 in
1171 855 1255 918 illum
1268 860 1374 938 ipsum

127 952 291 1056 Graecum
314 964 415 1045 magis
438 965 608 1044 quadrare,
641 984 734 1046 quarn
758 967 789 1027 in
812 967 963 1029 Volscam
985 968 1160 1049 virginem,
1188 971 1375 1047 praesertim

126 1082 224 1144 quum
245 1067 316 1128 aliis
337 1069 418 1131 loeis
441 1088 520 1132 acus
543 1071 996 1135 discriminalia-Romanarum
1021 1081 1180 1154 tangatur.
1209 1075 1268 1156 Xl,
1292 1094 1322 1135 v.
1343 1094 1373 1156 g.

127 1173 206 1238 576:
238 1177 303 1237 Pro
325 1178 441 1237 crinali
461 1199 549 1239 curo.
594 1178 707 1240 Didoni
728 1179 789 1258 lV,
816 1176 889 1242 138:

527 1287 640 1348 Orines
662 1289 821 1347 nodantur
843 1290 877 1347 in
897 1307 1022 1350 unrucn.

128 1389 265 1454 Gemma
289 1394 383 1456 etiam
405 1404 437 1455 et
458 1395 605 1456 diadema
625 1415 754 1457 aureum
778 1396 890 1477 capitis
913 1396 1034 1458 oraratui
1055 1393 1222 1458 adhibetur
1235 1395 1266 1456 in
1283 1412 1375 1456 com-

129 1505 296 1580 paratione
319 1505 560 1586 elegantissima
582 1508 627 1583 X,
655 1504 731 1569 1342

211 1611 327 1686 Qualis
345 1633 493 1688 peinana
515 1619 617 1685 micat,
638 1614 760 1693 setinum
783 1633 864 1692 quae
885 1615 995 1673 diuidit
1016 1635 1140 1689 aurum,

210 1718 280 1779 Ant
300 1721 379 1779 cotto
402 1722 500 1780 decue
521 1728 579 1781 unt
600 1725 705 1801 captu,
729 1720 780 1780 cel
798 1720 892 1799 quate
911 1740 970 1798 per
993 1728 1093 1780 artem
1174 1757 1177 1763 f

211 1827 376 1887 Inclusum
398 1829 483 1887 buca
504 1835 562 1888 aut
582 1828 690 1888 Oricia
713 1828 888 1887 terebintho

211 1935 317 1996 Lucet
336 1941 420 2009 ebear,
440 1940 535 2015 sucos
556 1942 665 1998 cerain
687 1941 742 1998 cui
763 1938 866 1998 lactea
887 1941 987 1998 crinis

213 2044 343 2122 Accipit
360 2056 393 2108 et
411 2051 500 2109 motti
519 2050 706 2109 subnectens
727 2048 912 2108 circulus
934 2068 1023 2108 curo.

130 2152 182 2213 Ab
204 2153 337 2234 Ulpiano
361 2157 436 2236 Dig.
458 2156 620 2237 XXXIV,
650 2157 685 2231 2,
712 2154 763 2216 25.
786 2156 982 2216 nominantur
1004 2153 1128 2234 quidem
1156 2158 1284 2237 vittae,
1314 2160 1375 2220 rni-

131 2269 215 2342 trae,
237 2266 440 2342 semimitrae,
466 2265 642 2347 calantica,
666 2283 763 2326 acus
786 2282 869 2324 eum
895 2265 1137 2343 margarita,
1161 2282 1274 2345 quam
1296 2283 1377 2326 mu-

130 2369 259 2430 lieres
287 2369 440 2431 habere
470 2371 623 2447 solent,
656 2370 798 2448 reticula,
823 2371 1019 2432 erocofantia
1041 2379 1075 2430 ut
1098 2378 1283 2431 ornamenta
1303 2390 1376 2431 mu-

130 2474 254 2556 lierum,
281 2495 384 2556 aeque
406 2494 484 2536 vero
507 2477 660 2539 diadema.
704 2479 857 2538 Attamen
879 2475 1024 2537 isidorus
1046 2478 1137 2557 xlx,
1146 2476 1199 2558 31,
1216 2477 1251 2540 lt
1274 2479 1375 2539 allia-

132 2581 226 2643 dema
249 2590 298 2642 est
320 2593 535 2646 oruamentum
558 2587 672 2666 capitis
695 2598 906 2646 matronarum
929 2606 971 2646 ex
992 2604 1067 2646 auro
1089 2594 1121 2646 et
1141 2585 1275 2667 gemmis
1295 2604 1375 2647 con·

131 2697 270 2761 textum,
305 2692 436 2772 quadiu
458 2712 495 2754 se
517 2695 715 2757 circumactis
737 2695 988 2756 extremitatibus
1013 2702 1094 2755 retro
1118 2696 1333 2777 astringuntur

214 2798 287 2858 Alia
319 2800 413 2860 etiam
436 2819 511 2861 cura
537 2800 657 2880 capillis
689 2800 901 2867 adhibebatur.
945 2801 1137 2864 Calamistra
1160 2804 1374 2886 vibrabantur,

133 2906 304 2984 unguentis
326 2908 555 2970 imbuebantur.
598 2909 724 2977 'l'arnus
746 2911 832 2989 cupit
854 2912 986 2971 ,leirene
1008 2911 1083 2986 xli,
1104 2911 1165 2976 99:

547 3017 596 3077 at
611 3018 743 3096 foedare
763 3022 798 3076 iu
818 3018 948 3093 petivere
970 3022 1070 3078 crinis

221 3123 406 3183 Vibrctas
427 3124 528 3184 calido
545 3128 634 3202 ferro
656 3145 828 3204 murraque
849 3128 1064 3186 madentia.

135 3232 266 3291 Aeneas
289 3239 423 3289 vocatur
445 3231 503 3311 lV,
527 3230 605 3291 2162

216 3338 366 3398 Maeonia
387 3344 524 3397 enectum
546 3342 641 3398 return
662 3342 844 3418 crinemque
865 3343 1084 3401 madentem

217 3445 396 3506 Subniccus.

136 3553 237 3633 Virgo
260 3552 369 3612 infelix
391 3551 562 3613 bacchatur
585 3548 653 3611 Cir.
680 3548 754 3612 1671

216 3666 292 3725 Nun
312 3671 439 3741 styrace
459 3664 554 3723 Idaeo
571 3665 743 3741 flaccentis
765 3667 864 3724 tincta
886 3665 1031 3742 eupitius.
1103 3654 1107 3661 ’

136 3770 187 3833 cf.
211 3770 304 3832 0vid.
329 3773 432 3847 A.,-A.
455 3772 486 3853 Ι,
508 3769 590 3849 595:

219 3878 287 3942 Sed
309 3881 363 3941 tibi
385 3898 445 3940 nee
466 3879 547 3941 ferro
571 3879 695 3961 placeat
716 3889 864 3963 torquere
885 3879 1033 3959 capillos,

262 3988 336 4048 Nec
358 3996 411 4048 tua
435 3988 577 4049 mordaci
597 3989 720 4068 pumice
743 4007 834 4050 crura
856 3997 958 4069 tegas.

136 4098 185 4171 ll,
214 4095 293 4159 3042

305 4180 454 4265 'l'orserit'
467 4205 540 4287 igne
564 4223 706 4286 comam,
729 4213 810 4266 torte
832 4204 947 4284 capille
971 4204 1070 4285 place.

136 4340 242 4403 Varro
257 4339 293 4399 L.
307 4338 344 4400 L.
362 4335 403 4398 V.
426 4343 452 4411 §.
477 4338 549 4400 lae:
573 4335 830 4419 acalamistrum,
855 4336 938 4417 quod
959 4337 1009 4399 his
1031 4336 1197 4400 calefactis
1218 4335 1249 4397 in
1271 4336 1376 4399 cinere

137 4447 270 4527 capillus
292 4456 426 4511 ornatur.
456 4446 517 4524 Qui
539 4466 578 4509 ea
599 4447 809 4528 ministrabat,
831 4465 851 4509 a
872 4448 979 4510 cinere
1000 4448 1172 4511 cinerarius
1194 4453 1246 4507 est
1266 4448 1379 4529 appel·

130 4555 250 4619 latusu
273 4553 638 4617 Griuibnsmadeutibus
661 4551 891 4635 comparandus
913 4563 964 4617 est
989 4555 1076 4636 apud
1097 4555 1210 4616 Horat.
1233 4571 1329 4618 carm.
1351 4557 1377 4633 l,

136 4660 176 4742 5,
195 4661 226 4723 2.
248 4680 324 4740 puer
345 4661 493 4743 perinsus
514 4661 640 4743 liquidis
662 4662 820 4726 odoribus.
862 4660 1092 4723 Animadverte
1118 4660 1213 4723 etiam
1234 4663 1278 4739 X,
1298 4662 1379 4728 8322

129 4777 277 4849 compton
303 4772 343 4833 dc
370 4791 456 4832 more
477 4770 628 4851 capillos,
657 4771 744 4853 xli,
765 4769 837 4833 605.
880 4769 1035 4831 [caviniae
1053 4773 1154 4849 stocos
1176 4773 1292 4849 crinis,
1314 4770 1380 4852 tv,
