3022 5234
512 271 572 335 lio
591 267 765 335 aedibus
796 267 1000 335 Romanis.
1308 267 1371 333 223

201 450 421 531 ‚Postibus
436 454 524 533 ipsis·
539 452 718 532 figebamus
739 468 971 532 saepenumero
989 452 1091 532 spolia
1113 452 1290 513 occisorum
1309 452 1387 512 iro-¹

128 557 424 657 stium-euictus
444 571 613 643 reportata,
633 560 674 628 du
695 579 759 642 quo
780 580 869 625 mere
885 562 947 623 iam
969 578 1064 640 supra
1090 564 1118 633 §.
1139 561 1190 624 50.
1224 559 1371 620 disserui.

161 734 165 745 .
213 691 327 753 Pasias
345 710 425 754 uero
438 695 527 773 ipsas
548 694 601 753 vol
622 691 743 755 amiur
762 692 816 754 vel
835 678 961 754 aedium
982 710 1166 774 magnarum
1188 691 1257 751 siue
1270 691 1367 752 dubio

129 818 176 861 eac
192 790 486 864 aerobo'utectasiir
507 800 610 861 auimo
626 799 734 862 habuit
748 808 851 881 poeta.
880 800 1025 863 Miratur
1037 808 1147 879 portas
1159 799 1366 883 Carthaginis

130 902 265 968 Aeaeus
284 909 317 990 Ι,
343 907 416 968 tea
464 902 578 969 Immo
596 925 638 968 ex
665 924 744 969 auro
773 907 864 990 fingit
885 908 950 982 Vl,
982 906 1032 969 32.
1063 907 1262 989 magnificum
1285 909 1372 970 ilium

133 1020 322 1092 apparatum
344 1008 487 1094 v1,2‘02

217 1122 400 1200 lusoribus
421 1122 516 1182 leium
536 1119 718 1202 Andropeo,
740 1129 807 1183 tum
825 1123 963 1199 pendere
981 1142 1102 1199 poenus

219 1226 410 1303 Cecropidae
429 1232 520 1289 iussi.

136 1353 230 1415 porro
251 1352 435 1413 expressam
457 1336 487 1397 in
508 1336 609 1400 altera
628 1346 717 1416 parte
740 1336 879 1416 Cretam,
909 1355 1047 1403 amorem
1070 1343 1162 1414 tauri,
1183 1338 1379 1420 Pasiphaen,

137 1443 371 1523 Minotaurum,
395 1445 631 1525 Labyrinthum.
684 1445 785 1509 Cuius
814 1443 987 1528 anaglyphi
1014 1447 1125 1507 nescio
1152 1465 1192 1507 aa
1214 1447 1380 1528 Vergilius

137 1548 316 1629 exemptum
344 1568 420 1630 prae
446 1554 547 1615 oculis
580 1554 660 1613 iuter
686 1560 732 1613 tot
757 1561 865 1614 tantae
895 1553 980 1613 urbis
1002 1562 1202 1616 monumenta
1223 1553 1381 1631 habuerit,

139 1655 402 1737 quemadmodum
417 1660 446 1721 iu
468 1661 521 1721 illo
542 1680 679 1743 quoque,
703 1661 783 1742 quod
805 1663 873 1740 ipse
895 1679 932 1722 se
953 1659 1189 1723 aedificaturum
1212 1679 1285 1723 esse
1309 1661 1381 1741 pol-

140 1761 262 1840 licetur,
283 1764 434 1829 Caesaris
456 1771 573 1851 templo
595 1768 715 1855 Georg.
737 1772 797 1852 ΙΙΙ,
818 1771 879 1832 26:

222 1901 405 1978 lusoribus
423 1920 564 1978 paurum
584 1923 628 1963 eu
649 1924 727 1966 uara
749 1906 909 1986 solidaque
930 1908 1095 1984 eiepbuuto

225 2009 448 2087 Goreparidum
465 2015 585 2093 faciam
605 2018 795 2095 victorisque
817 2037 907 2077 arma
929 2014 1065 2099 Quz'riui,

151 2121 155 2128 '
227 2116 342 2197 Adpue
363 2121 414 2179 bic
434 2123 604 2189 undantem
625 2123 703 2182 bello
725 2142 935 2203 mupuumque
951 2127 1102 2202 liuentem

227 2226 339 2287 Nilum
360 2249 399 2288 uc
420 2230 530 2290 maeuii
550 2236 712 2308 surpentis
733 2252 805 2292 aere
826 2232 999 2292 columnus.

228 2331 354 2398 Addam
374 2339 469 2398 urbes
490 2339 590 2401 Asiae
610 2341 743 2400 domitus
763 2382 927 2403 ......

1217 2213 1227 2252 i

145 2469 198 2532 uu
219 2469 359 2552 inprimis
387 2468 474 2531 fores
497 2468 604 2549 templi
625 2469 779 2550 Apollinis
800 2470 935 2531 Palatini
957 2464 1038 2530 anno
1061 2466 1267 2530 cccxxv.
1290 2463 1385 2527 ueri-
1501 2444 1503 2449 ’

146 2577 211 2639 cati
233 2579 263 2639 in
283 2576 387 2639 auimo
409 2576 560 2638 habuisse
582 2575 705 2638 dicitur.

231 2713 337 2774 Prima
359 2708 485 2771 aedium
506 2725 580 2789 pars
600 2706 843 2769 vestibulum
864 2715 949 2789 erat,
977 2706 1018 2769 de
1039 2725 1111 2787 que,
1134 2709 1280 2789 quamvis
1301 2711 1388 2773 anti-

148 2822 203 2902 qui
223 2821 283 2902 ipsi
305 2821 336 2881 iu
357 2818 502 2899 ambiguo
524 2824 651 2899 essent,
684 2835 776 2898 quum
799 2817 849 2880 alii
870 2816 981 2879 atrium
1003 2817 1034 2879 iri
1056 2835 1130 2879 esse
1152 2816 1307 2898 dicerent,
1336 2818 1389 2879 alii

148 2947 212 2992 nou
231 2929 261 2989 iu
283 2928 362 3008 ipsis
383 2925 534 3007 aedibus,
570 2945 675 3008 neque
703 2936 824 3007 partem
846 2924 989 3006 aedium,
1029 2926 1085 2991 sed
1115 2928 1220 2989 locum
1244 2936 1318 2991 aute
1340 2930 1390 2990 ia-

149 3054 244 3098 uuam
266 3035 378 3097 domus
400 3052 547 3107 vacuum,
570 3052 626 3114 per
643 3051 735 3114 quem
752 3036 840 3094 avia
861 3031 966 3097 aditus
988 3053 1207 3117 accessusque
1229 3034 1268 3097 ad
1290 3035 1390 3098 aedes

152 3151 218 3216 est,
259 3141 291 3203 id
319 3151 424 3204 tamen
454 3140 657 3204 statuendum
687 3141 761 3222 orit,
793 3140 877 3220 apud
904 3142 1081 3225 Vergilium
1112 3144 1287 3206 cubiculum
1316 3141 1392 3203 illud

150 3250 339 3334 significari,
373 3269 435 3332 quo
466 3259 578 3332 portae
605 3259 717 3311 custos
748 3249 943 3331 morabatur,
980 3269 1096 3313 revera
1127 3251 1221 3331 igitur
1242 3249 1282 3311 ad
1304 3259 1391 3313 tecta

151 3358 274 3422 sedium
296 3357 460 3438 pertinere.
504 3357 598 3437 Quod
618 3366 745 3443 patebo
766 3358 825 3438 Vi,
847 3357 926 3421 273:
983 3420 985 3425 ,

238 3492 434 3552 Vestibulum
456 3496 530 3550 unte
549 3493 653 3568 ipsum
672 3493 846 3579 primisque
867 3495 902 3550 iu
922 3486 1072 3570 faucibus
1104 3492 1182 3555 Orci

236 3599 364 3661 hictus
384 3605 416 3660 et
433 3598 565 3659 ultrices
582 3616 718 3675 posuere
742 3599 858 3659 cubilia
878 3599 991 3665 Curae.

154 3709 195 3784 11,
218 3706 298 3785 469:

244 3814 440 3877 Vestibulum
461 3819 535 3877 aute
555 3817 658 3890 ipsum
676 3818 840 3895 primoque
861 3819 895 3876 iu
916 3815 1024 3875 braine
1046 3817 1206 3895 Pprrbas.

156 3923 220 4003 Vl,
242 3922 320 3986 555:

240 4032 470 4109 tisipbouepue
489 4014 604 4089 sedeas
621 4028 711 4107 pulla
731 4034 899 4091 succincta
921 4039 1054 4093 cruenta

245 4139 440 4201 Vestibulum
461 4141 624 4199 exsomnis
644 4144 752 4198 seruat
769 4146 939 4219 noctesque
959 4143 1097 4221 diesque.

159 4245 221 4328 Vl,
242 4244 320 4307 573:

246 4355 323 4415 Pam
345 4357 467 4416 demum
488 4356 654 4417 borrisoao
675 4360 846 4419 stridentes
867 4361 998 4420 cardine
1019 4380 1135 4422 sacrae

166 4478 168 4484 ·
242 4463 435 4523 Pauduutur
453 4471 573 4541 portae.
617 4465 732 4527 Cernis
754 4469 897 4528 custodia
917 4468 1024 4549 qualis

246 4568 409 4655 Vestibula
427 4572 542 4646 sedeat,
562 4576 665 4650 scoies
685 4593 766 4653 qaue
785 4575 896 4646 tirum
913 4584 1026 4641 seruet.

161 4673 257 4738 Aduo
278 4676 346 4739 cir.
368 4677 448 4740 am:

250 4786 410 4849 Vestibula
431 4790 467 4848 iu
488 4788 622 4851 tbuiumi
636 4791 770 4871 paulum
790 4797 978 4854 remoratur.
