3022 5234
577 247 634 308 lle
655 243 930 306 vestimentis.

488 432 643 509 tyrioque
665 427 797 487 ardebat
814 429 935 485 mart'ce
954 423 1048 483 laerta

211 541 360 600 Deminna
378 559 426 599 ee
445 541 575 613 ameris,
599 537 685 595 dicer
707 554 789 613 quac
807 552 943 594 manem
962 534 1047 596 Dido

210 643 349 704 Fecerat
367 651 399 704 et
416 647 507 704 terrai
526 642 606 702 teter
627 641 823 700 discreverat
837 657 932 721 ¹aratro.

128 766 179 826 De
210 767 302 828 laena
331 777 452 832 certant
483 764 689 849 grammatici.
737 762 844 823 Varro
873 762 912 826 Ιι.
941 761 979 822 L.
1008 761 1050 823 V.
1078 758 1206 835 §.1332
1240 763 1373 838 „Laena

128 871 211 954 quod
234 873 273 935 de
296 875 367 935 lana
390 875 499 950 multa,
522 871 653 934 duarum
677 869 758 931 enim
785 882 930 950 togarum
957 868 1067 933 instar.
1116 870 1161 933 Ut
1186 870 1373 952 antiquissi-

127 998 214 1041 mum
238 980 397 1045 mulierum
421 981 573 1062 ricinium,
594 980 644 1040 sic
665 978 727 1038 boe
741 975 857 1056 duplex
873 972 1047 1040 virorum.“
1076 977 1212 1038 Servius
1230 994 1373 1058 quoqne:

130 1088 211 1148 »lost
232 1095 339 1147 autem
364 1091 490 1168 proprie
512 1098 589 1170 toga
612 1086 741 1167 duplex3
755 1086 888 1147 amictus
908 1081 1107 1166 auguralis.“
1148 1086 1259 1146 lsidor.
1279 1085 1373 1165 XlX,

128 1194 181 1270 23,
202 1195 237 1260 3:
259 1195 414 1279 „lamae
435 1213 518 1276 saga
540 1192 662 1273 quadra
690 1201 723 1253 et
748 1193 852 1252 mollia
882 1199 972 1265 sunt,
1003 1191 1043 1252 de
1072 1192 1187 1272 quibus
1220 1193 1372 1260 Plautus:

131 1310 241 1371 Laena
263 1313 415 1385 cooperta
437 1314 488 1366 est
519 1304 656 1366 textrina
682 1300 819 1365 Gallia.“
869 1301 1020 1364 Ceterum
1048 1303 1159 1364 laenas
1180 1303 1289 1385 possis
1312 1304 1374 1378 Xl,

127 1417 177 1478 rt.
197 1419 354 1496 suspicari
376 1417 435 1496 (ob
457 1418 589 1477 similem
611 1414 853 1494 descriptionem
876 1431 948 1474 cum
969 1413 1030 1489 lV,
1050 1413 1158 1488 actm

213 1526 293 1586 Tam
312 1532 457 1602 pemimaa
478 1531 580 1584 vectes
603 1542 744 1602 auroque
764 1529 912 1601 aetraque
932 1525 1069 1598 ripemtic

210 1634 346 1695 Eatalit
363 1633 502 1710 Aeneae,
524 1649 604 1709 qaae
624 1630 674 1688 aa
694 1630 779 1689 taeta
801 1629 943 1688 taboram

210 1743 289 1819 Ipsa
308 1745 378 1800 eain
400 1740 557 1818 quandam
577 1739 723 1796 marciban
745 1735 878 1798 Sidonia
899 1737 983 1797 Dido

88 1932 90 1939 Ι
211 1847 350 1910 Fecerat
369 1853 400 1907 et
418 1849 507 1906 tenui
526 1845 607 1905 telae
628 1846 824 1905 discreverat
843 1866 932 1906 atrro.

130 1956 199 2022 Sed
220 1955 301 2017 haec
322 1959 429 2036 potius
451 1954 558 2016 ricinia
577 1961 660 2028 sunt,
682 1960 717 2013 nt
738 1962 851 2032 postea
872 1951 1059 2015 videbimus.

212 2105 396 2168 Caucasus
419 2107 579 2192 „pallium
603 2125 663 2188 quo
680 2108 766 2168 fluvii
782 2107 979 2182 amiciuntur,
1000 2106 1054 2166 vel
1069 2105 1246 2193 opulentiae
1262 2122 1373 2186 conse,

130 2225 165 2278 ut
186 2216 336 2293 sericum,
359 2222 414 2277 ant
435 2215 497 2276 lino
520 2213 639 2274 tenui.“
683 2215 862 2275 Tiberinum
885 2214 975 2292 Vlll,
995 2211 1051 2275 34:

166 2399 169 2409 Ι
456 2326 543 2386 Eam
563 2331 668 2387 tenuis
687 2326 804 2403 clauco
826 2325 951 2386 celabat
970 2327 1088 2385 amictu

214 2431 386 2494 Cerberus.
462 2444 471 2453 ·

133 2539 291 2601 Chloreus
312 2541 374 2620 XI,
396 2538 474 2603 7752

306 2647 456 2709 (traceam
479 2645 736 2723 chlamydemque
757 2636 910 2725 rimaeque
932 2652 1094 2724 crepantis

212 2754 393 2818 carbaseos
412 2755 500 2832 falco
519 2770 555 2812 ιιι
576 2754 693 2812 modum
713 2753 886 2831 colleperat
904 2775 993 2816 armo.

131 2878 226 2960 Quod
258 2879 349 2940 cinus
375 2877 488 2940 attinet
518 2877 549 2938 in
578 2876 693 2947 nodum
729 2879 900 2962 collectos,
938 2881 1054 2944 Venus
1085 2900 1212 2964 qnoque
1240 2840 1381 2962 apparet

130 2991 155 3058 l,
179 2984 260 3047 320:
1220 3005 1224 3010 ·

89 3088 96 3103 ⁰
213 3093 311 3154 Nuda
328 3108 426 3167 pena,
447 3090 589 3169 modoque
609 3094 702 3151 maur
721 3092 855 3153 collecta
872 3097 1013 3172 fluentia.

174 3245 302 3322 ΜιτιιΑ,
324 3238 418 3300 modo
439 3239 479 3300 ad
500 3241 703 3322 vestimenta,
727 3241 819 3304 modo
840 3243 881 3305 ad
904 3256 1086 3310 ornamenta
1102 3249 1288 3329 pertinebat.
1309 3252 1372 3313 Et-

133 3354 215 3416 enim
238 3349 390 3430 Ulpianus
419 3347 579 3408 muliebria
608 3366 798 3410 enumerans
827 3353 1017 3415 vestimenta
1043 3356 1118 3438 big.
1147 3357 1310 3434 XXXIV,
1336 3359 1371 3440 2,

132 3460 190 3523 ²3:
209 3459 360 3541 „Minae
384 3473 466 3535 qnae
488 3456 590 3536 magis
614 3458 727 3537 capitis
749 3457 886 3543 tegendi,
912 3478 1007 3540 qnam
1028 3462 1156 3525 ornandi
1178 3482 1277 3533 causa
1298 3477 1372 3531 sunt

134 3558 372 3649 comparatae.“
414 3560 485 3626 ibid.
517 3561 568 3623 25.
598 3563 656 3622 ait:
699 3562 986 3644 „ornamentorum
1018 3568 1098 3634 haec
1129 3580 1218 3639 sunt:
1256 3578 1369 3656 vittae,

134 3677 258 3747 mitrae,
278 3670 487 3743 semimitrac,
509 3667 680 3744 calantica,
710 3689 788 3734 acus
809 3693 882 3736 cum
904 3676 1082 3759 margarita,
1107 3697 1200 3759 qnam
1221 3683 1371 3753 mulieres

134 3784 254 3849 habere
272 3781 392 3853 solent,
422 3779 571 3851 reticula,
600 3779 832 3843 crocofantia.“
877 3781 1075 3867 Quapropter
1096 3789 1198 3857 mollis
1219 3799 1252 3854 et
1272 3794 1371 3878 turpis

134 3893 331 3971 vituperatur
354 3887 483 3947 Aeneas
503 3885 543 3946 ab
565 3886 656 3947 larba
678 3888 737 3963 lV‚
756 3887 834 3952 216:
876 3950 883 3968 ,

217 3998 368 4058 Maeonia
390 3998 528 4054 mentam
550 3995 645 4051 mitra
665 3999 846 4077 crinemque
866 3998 1041 4059 euadentem

218 4101 396 4166 Subertano.

135 4211 264 4280 'l'roiani
284 4208 378 4270 etiam
400 4225 419 4266 a
439 4207 588 4267 Numano
612 4205 670 4287 IX,
692 4205 774 4269 6165

217 4337 265 4396 Εἰ
283 4339 410 4397 tamicae
431 4338 574 4394 manicae
595 4339 628 4393 et
645 4335 762 4395 babeat
780 4337 965 4399 redimicula
990 4343 1113 4405 mitrae.

136 4464 188 4528 Cf.
210 4460 313 4523 lsidor
335 4456 426 4531 XlX,
447 4454 501 4534 31,
525 4459 564 4516 t:
587 4457 704 4531 „Mitra
726 4461 776 4516 est
796 4455 911 4535 pileum
933 4458 1122 4544 Phrygium,
1144 4469 1239 4544 capnt
1258 4473 1370 4547 prote·

136 4588 234 4656 geris,
266 4565 360 4650 quale
380 4569 432 4624 est
452 4570 666 4624 ornamentum
689 4564 801 4644 eapitis
822 4564 1019 4630 devotarum.
1062 4569 1129 4632 sed
1149 4570 1263 4650 pileum
1281 4573 1372 4637 viro·

136 4696 220 4754 mm,
250 4675 363 4736 mitrae
382 4678 491 4732 autem
512 4659 707 4733 feminarum.
726 4671 758 4732 5.
777 4671 977 4739 Redimicula
998 4683 1104 4738 antem
1126 4687 1221 4762 sunt,
1256 4681 1369 4765 quibus

139 4783 233 4847 mitra
252 4773 430 4862 ιΙΙίςιιιιι.α
1345 4793 1351 4804 ’
