3022 5234
629 221 686 282 lla
706 220 896 301 phaleris.
1334 227 1373 288 91

131 401 463 482 Plumbeas‘glandos
494 401 658 481 signilloal
693 404 726 462 iu
757 402 838 464 bello
868 405 1005 468 usitatas
1040 409 1123 472 Hist.
1149 411 1183 471 B.
1224 408 1293 471 Air.
1313 411 1375 474 20:

134 509 310 571 tllfficinas
331 508 483 570 ferrarias
502 509 670 590 instruere,
690 508 827 590 sagittas
849 511 989 593 telaque,
1012 513 1056 572 uti
1079 514 1191 578 fierent
1206 521 1379 600 complura,

132 628 262 698 curare,
306 616 479 700 glandes
510 617 703 696 fundere,
744 617 843 679 sudes
877 636 1061 699 comparare
1092 623 1178 685 cet.“
1223 627 1296 687 Alia
1329 635 1380 689 est

131 734 183 787 res
211 722 296 804 apud
321 723 423 787 Caes.
452 727 487 789 B.
510 723 552 800 G,
576 726 624 808 V,
655 723 726 808 ts,
770 727 823 789 ubi
841 729 966 813 Nervii,
989 730 1040 811 qni
1064 733 1159 792 multa
1181 734 1378 812 superiorum

130 851 283 894 annorum
309 833 538 896 cousuetudine
559 833 742 901 aRomanis
765 846 997 918 cognoverant,
1021 838 1206 901 „ferventes
1228 840 1315 903 fusili
1336 861 1378 903 ex

129 940 283 1019 argilla
318 940 453 1021 glaude's
489 938 594 1003 lundis
616 950 648 1003 ot
668 941 850 1004 fervefacta
872 945 975 1006 incula
996 945 1027 1005 in
1049 963 1161 1026 casas,
1186 965 1267 1028 qnae
1289 967 1377 1008 more

133 1040 259 1106 Gallico
294 1049 476 1107 stramentis
510 1055 601 1107 erant
639 1055 760 1124 tectae,
788 1047 914 1110 iacere
930 1047 1140 1130 coeperunt.“
1195 1053 1376 1116 Secundum

86 1136 87 1140 ¹
132 1149 228 1214 ovid.
250 1152 329 1214 Met.
353 1151 802 1232 lt,727.1nppiteroethere
825 1154 967 1234 pendens

214 1260 289 1321 Non
311 1278 408 1322 socos
431 1261 561 1336 exarsit,
583 1276 678 1342 quarn
702 1278 797 1341 quum
822 1263 986 1324 Balearica
1007 1265 1211 1344 plumbum

216 1367 329 1431 Runda
350 1370 442 1446 iacit,·
463 1368 552 1427 volat
575 1367 670 1449 illud,
693 1381 726 1428 et
747 1368 1008 1431 incandescit
1034 1375 1136 1432 otrodo
1145 1417 1156 1452 ‚

215 1477 258 1538 Et
278 1495 360 1558 qnos
382 1497 444 1540 non
465 1476 586 1559 habuit,
609 1478 668 1539 snb
692 1478 827 1540 nubibus
850 1481 971 1544 invenit
994 1483 1095 1563 ignes.

134 1614 187 1679 ct.
209 1615 288 1690 Vll,
309 1612 381 1675 710.
412 1610 474 1688 Qni
496 1631 582 1672 error
603 1610 676 1672 inde
700 1620 788 1673 ortus
809 1613 949 1696 videtur,
978 1615 1063 1697 quod
1085 1616 1242 1697 plumbum
1264 1643 1380 1708 magna

132 1724 247 1785 virium
274 1719 476 1780 contentione
509 1719 642 1781 missum
678 1719 771 1781 facile
802 1728 995 1783 attenuatur.
1038 1722 1209 1789 Glandium
1244 1730 1379 1814 deniqne

132 1848 227 1892 usum
270 1826 383 1888 Livius
425 1845 551 1908 quoqne
586 1827 675 1888 novit
711 1828 910 1906 xxxt'111‚
939 1829 997 1895 at:
1038 1831 1200 1913 „[Galli]
1237 1840 1378 1923 sagittis,

132 1933 294 2020 glande,
315 1933 428 1996 iaculis
450 1933 576 1996 incaute
598 1933 636 1994 ab
660 1937 745 1997 omni
765 1944 856 2015 parto
877 1937 1154 2018 configebantur‚“
1197 1942 1289 2025 Apud
1310 1947 1378 2007 'l'a-
1402 2002 1406 2010 .

135 2051 234 2111 citum
255 2047 338 2107 Hist.
361 2044 409 2115 V,
434 2044 489 2109 1⁷:
527 2043 656 2120 „Saxis
687 2045 977 2128 glandibusque
1002 2062 1034 2110 et
1060 2053 1176 2113 ceteris
1205 2053 1378 2116 missilibus

132 2153 285 2238 proelium
325 2146 504 2232 incipitur.“
558 2148 654 2232 Apud
691 2152 840 2215 Orellinm
879 2154 970 2218 4932.
1007 2158 1243 2238 inscriptionem
1278 2161 1378 2225 habes

132 2258 260 2348 glandis
281 2258 408 2321 missilis
431 2257 609 2338 plumbeae:
651 2256 792 2320 ROMA.
814 2259 937 2335 RRRI„
962 2280 1004 2323 ex
1026 2282 1100 2344 qna,
1117 2266 1145 2325 si
1168 2266 1379 2352 dubitaveris,

131 2354 356 2447 coulirmatur,
388 2365 524 2447 glandes
545 2382 671 2449 quoqne
691 2365 722 2426 in
743 2365 959 2430 Romanorum
988 2387 1049 2430 usu
1080 2371 1199 2454 fnisse,
1232 2377 1378 2456 quamvis

127 2497 150 2542 a
171 2476 313 2559 Vegetio
333 2493 396 2536 non
421 2459 715 2537 commemorentur.

711 2701 745 2795 ἕ.
767 2706 818 2769 42.

617 2864 675 2920 lle
693 2865 892 2935 phaleris.

186 3122 189 3126 ·
216 3039 252 3100 ln
274 3035 525 3100 elaboratissimo
553 3034 605 3096 illo
627 3033 668 3096 de
688 3035 770 3096 Niso
792 3045 889 3118 atque
909 3040 1050 3120 Euryalo
1071 3032 1248 3124 ἕπεισοδίῳ
1270 3064 1289 3106 a
1312 3067 1384 3126 po·v

131 3143 268 3206 sterioro
295 3143 443 3208 videmus
472 3144 684 3208 Rhamnetem
714 3164 826 3228 regem
858 3147 925 3220 lx,
963 3146 1036 3211 325.
1069 3150 1184 3211 misere
1216 3153 1375 3230 occisnm3

132 3269 154 3313 a
175 3251 287 3330 spoliis
309 3259 416 3313 tamen
439 3248 641 3312 detrahendis
664 3252 769 3311 victor
791 3250 929 3313 abstinet
936 3268 945 3329 3
966 3254 1114 3331 relinquit
1135 3253 1193 3336 lx,
1214 3256 1294 3321 3592

133 3355 156 3368 ⁶*
198 3346 386 3438 >¹¹Eu'r'pulu'a
402 3352 609 3438 'phaleras
631 3361 822 3422 Rhamnetis
842 3365 875 3420 et
895 3379 996 3420 nureo
1018 3346 1136 3421 bullis

132 3452 163 3472 ’“
218 3448 373 3544 dioillo(
425 3460 444 3472 ’“

133 3568 317 3638 Dubitatnm
347 3583 418 3653 est,
454 3573 609 3656 quaenam
635 3560 898 3659 siut⁶phalorao,'
931 3552 972 3640 bn
1000 3552 1378 3663 equitis'oss'e'possint,

130 3691 229 3763 atque
251 3703 270 3744 e
291 3679 425 3764 Polybio
447 3675 564 3756 ἱππεῖς
584 3673 830 3770 χρασαφᾶλαροι
852 3686 883 3748 in
905 3705 1020 3768 pompa
1041 3685 1080 3748 ab
1097 3684 1254 3749 Antiocho
1273 3685 1379 3765 ducta,
1414 3741 1417 3748 .

129 3781 152 3854 c
176 3793 257 3855 Silio
278 3792 362 3868 XV,
390 3790 470 3856 255:
497 3793 661 3855 ”Phalaris
689 3793 740 3856 hic
766 3804 897 3875 pectora
919 3786 1039 3875 fulgeto
1068 3792 1152 3856 allati
1179 3801 1262 3859 suut.
1304 3796 1375 3857 Po·

134 3906 217 3962 terat
237 3909 344 3962 tamen
366 3919 385 3959 e
407 3897 533 3982 Polybii
554 3902 625 3963 loco
648 3900 686 3963 de
708 3902 817 3965 militia
837 3902 984 3966 Romana
1014 3901 1238 3963 inlustrissimo
1270 3900 1377 3966 advo·

93 4032 97 4039 ·
131 4008 198 4068 cari
226 4006 285 4085 Vl,
314 4005 369 4068 39:
419 3993 518 4069 Monoi
551 4001 588 4068 δὲ
616 4003 719 4068 ταῦτα
746 4002 794 4088 uqi
819 4001 879 4086 μὲν
899 3992 1063 4090 τρώσαντα
1081 4000 1240 4091 πολέμιον
1260 4007 1373 4090 poioov

133 4108 299 4200 daupeinai,
319 4107 368 4195 aqi
388 4109 425 4176 δὲ
446 4100 660 4196 καταβαλόντι
681 4109 734 4175 καὶ
756 4101 965 4177 σκυλεύσαντι
985 4109 1033 4197 aqi
1052 4109 1113 4193 μὲν
1133 4110 1227 4197 πεζῷ
1240 4103 1373 4202 φιάλην,

130 4219 181 4304 τῷ
203 4218 232 4283 δ’
256 4215 356 4284 ἱππεῖ
375 4207 551 4307 φάλαρα,
572 4215 609 4300 ἐξ
630 4210 732 4308 αρχῆς
753 4216 790 4284 δὲ
811 4223 923 4305 γαῖσον
942 4211 1048 4304 μόνον.
1100 4227 1155 4301 (cf.
1178 4218 1296 4289 Salust.
1319 4228 1375 4288 lu·

134 4333 239 4418 gurlb.
270 4332 338 4398 85.)
363 4352 382 4394 e
403 4330 474 4395 niv.
498 4330 658 4408 xxxix,
684 4329 742 4392 ³1:
771 4332 854 4393 oPro
884 4333 1037 4395 concione
1058 4338 1187 4413 postero
1219 4330 1271 4393 dio
1301 4330 1375 4394 lan·

130 4441 197 4506 dati
219 4441 390 4524 donatique
414 4451 434 4502 a
456 4434 493 4501 C.
517 4437 687 4519 Calpurnio
710 4436 833 4521 equites
868 4440 1082 4521 phalerisu
1135 4439 1257 4503 Verum
1279 4439 1377 4520 pediti
1407 4440 1420 4448 '

132 4552 228 4615 etiam
258 4552 359 4631 ipsius
382 4548 523 4630 Augusti
554 4556 661 4610 aetate
692 4540 838 4630 phaleras
854 4540 935 4614 ¹asse
957 4565 1132 4613 concessas
1154 4565 1173 4606 e
1194 4544 1298 4624 lapide
1323 4545 1377 4607 vi-

129 4656 242 4720 demus
262 4661 365 4720 nostri
385 4654 487 4719 musei
509 4654 687 4717 Bonnensis
699 4657 932 4738 ¹antiquitatum
954 4656 1178 4721 Rhenanarum
1193 4648 1321 4732 depicto
1341 4651 1373 4717 in

132 4765 211 4831 libro
243 4784 326 4841 mco,
356 4765 409 4842 qui
430 4763 609 4828 inscribitur
631 4762 906 4828 Contralmnsoum
930 4760 1199 4825 rheinla'ndischer
1218 4757 1374 4827 loschel-
