3022 5234
552 262 610 323 Do
632 261 824 322 classico
1274 262 1316 323 45

71 447 123 509 ubi
147 445 284 508 Servius
305 449 414 512 malet
433 450 540 511 „Bene
558 446 668 527 posuit
689 445 1022 526 amphiboliamr'nam
1039 446 1211 509 classicum
1231 444 1314 506 dici-

70 574 141 618 mus
162 566 194 617 et
216 556 323 616 tubam
345 555 446 636 ipsam
468 564 500 617 et
519 574 640 617 sonum.
678 554 856 617 Classicum
878 560 988 616 antem
999 563 1060 617 est
1078 557 1312 620 flexilis·tnba.a

71 664 190 725 Melius
214 667 376 748 vegetius
401 640 519 747 listi:
548 666 746 728 „Classicum
775 666 850 726 item
873 665 1040 744 apellatur,
1072 665 1153 745 quod
1176 666 1314 728 bocina-

29 784 31 788 ·
70 780 157 834 tores
179 792 236 854 per
257 791 356 835 cornu
378 774 494 835 dicunt.
544 775 616 835 lloc
637 773 764 855 insigne
785 771 911 834 videtur
932 772 1070 855 imperii,
1101 776 1174 852 quia
1196 771 1314 834 classi-

71 899 142 942 cum
164 884 249 944 eaoit
269 881 460 962 imperatore
482 889 673 962 praesente,
705 880 760 941 vel
790 898 887 961 quum
915 881 949 939 in
981 878 1110 939 militem
1137 880 1314 959 capitaliter
1426 952 1431 967 ι

70 987 347 1064 animadvertitur,
380 989 454 1068 quia
478 987 539 1050 boc
566 1007 609 1049 ex
628 987 841 1068 imperialibus
862 988 988 1070 legibus
1010 987 1075 1049 lieri
1096 1002 1235 1050 necesse
1254 995 1315 1051 est.

72 1098 152 1159 Sive
171 1114 249 1177 ergo
272 1095 313 1158 ad
335 1096 462 1178 vigilias
483 1095 537 1157 vel
558 1096 709 1179 angarias
732 1095 907 1174 iaciendos,
929 1099 1003 1157 sive
1018 1094 1061 1158 ad
1078 1114 1158 1177 opus
1175 1093 1314 1178 aliquod,

70 1210 122 1270 vel
151 1206 201 1270 ad
230 1206 517 1269 decursionem
546 1207 677 1287 campi
709 1217 829 1267 exeunt
849 1207 984 1284 milites,
1013 1205 1154 1268 tubicine
1174 1212 1314 1267 vocante

71 1323 257 1398 operantur,
293 1323 325 1376 'et
355 1333 467 1377 rursus
499 1316 638 1378 tubicine
667 1313 857 1377 admonente
887 1323 1026 1376 cessant.
1061 1313 1182 1391 Quum
1204 1322 1315 1376 'antem

71 1430 239 1487 moventur
256 1424 381 1507 signa,
407 1429 551 1488 nutriam
579 1435 665 1488 mota
692 1422 821 1507 figenda
847 1431 940 1504 suot,
972 1422 1149 1485 cornicines
1170 1414 1314 1483 canunt«

72 1533 164 1598 Unde
186 1554 247 1598 non
270 1540 450 1619 promiscue
471 1539 801 1602 omniainstrnmenta
822 1536 916 1598 modo
940 1535 1047 1616 tubas,
1068 1532 1162 1606 modo
1183 1551 1316 1615 cornua,

70 1641 163 1706 modo
189 1645 323 1708 bucinas
345 1649 520 1728 nominari,
550 1648 607 1710 sed
627 1648 754 1731 singula
776 1648 804 1708 si
828 1666 889 1707 oon
911 1645 1061 1725 materia,
1084 1650 1119 1705 at
1139 1641 1242 1704 forma
1255 1641 1314 1705 di·

71 1754 190 1835 stingui
212 1750 309 1835 patet.
351 1754 430 1815 lnde
452 1756 620 1839 Vergilius
645 1756 723 1819 Aen.
745 1759 789 1836 ll,
811 1754 889 1817 313:

153 1862 315 1925 Emoritur
337 1865 519 1943 clamorque.
536 1868 639 1926 or'r'um
660 1855 852 1943 olonporpne
872 1865 1028 1925 letdarum.

72 1995 102 2057 V
104 1997 146 2077 ll,
169 1995 247 2059 628:

149 2104 314 2184 Sipoaque
334 2107 424 2182 ferre
444 2108 540 2178 iurat,
563 2107 750 2184 sonitusque
771 2108 884 2166 audire
905 2109 1065 2169 tuborum.

71 2211 264 2295 V111,526:

162 2323 411 2401 Tyrrhenusque
432 2323 525 2384 tudae
545 2327 669 2400 marpire
686 2345 745 2402 per
767 2327 897 2386 aethera
918 2327 1058 2402 clocpor.

70 2429 123 2490 ubi
144 2429 301 2492 Servius:
338 2428 559 2510 n'l'yrrlrenum
586 2432 768 2512 clangorem
800 2433 877 2493 dixit
899 2433 995 2494 tubae
1016 2431 1104 2506 ideo,
1134 2434 1210 2515 qnia
1229 2431 1315 2512 apud

70 2539 199 2600 'l'usoos
221 2537 328 2598 tubam
358 2545 484 2598 constat
509 2539 701 2598 inventam«
753 2537 846 2625 Quod
873 2538 1039 2601 conlirmat
1062 2539 1191 2601 ¹Plinius
1207 2539 1250 2604 N.
1273 2540 1315 2603 H.

68 2645 146 2727 Vll,
168 2645 225 2708 57:
269 2648 440 2723 „Aeneam
454 2647 561 2709 tubam
578 2645 758 2726 [invenisse
773 2647 900 2728 dicunt]
912 2649 1063 2711 Pisaeum
1079 2645 1317 2729 Tyrrhenum.“

70 2758 127 2832 IX,
152 2753 233 2819 503:

152 2863 199 2925 A!
218 2865 295 2925 tubo
316 2865 486 2924 terribilem
510 2869 648 2926 sonitum
667 2866 787 2943 procul
806 2884 880 2927 aere
901 2884 1020 2927 cartoro

151 2970 495 3050 Increpui15oeqrrr'trrr
517 2973 646 3053 elamor,
668 2974 850 3052 coelumque
871 2977 1016 3050 remoqr't.

71 3079 130 3152 xl,
157 3077 231 3140 192:
808 3100 809 3105 ’

151 3186 186 3245 1t
212 3186 299 3245 caelo
320 3186 499 3267 clamorque
520 3189 624 3246 cirum
644 3187 838 3267 clonyorque
859 3188 1016 3248 tuborum.

68 3293 128 3375 Xl,
150 3292 228 3354 42⁴:

282 3402 349 3463 Cirr
371 3408 445 3461 orate
467 3403 573 3461 iudom
594 3409 711 3463 tremor
733 3409 870 3481 occupat
889 3404 1004 3462 ariera?

73 3508 196 3592 Georg.
219 3510 279 3591 lV,
300 3510 355 3572 71:

153 3619 299 3680 Martius
320 3621 375 3680 itte
394 3623 479 3680 aeria
500 3623 594 3681 rauci
612 3639 710 3681 conor
729 3623 885 3703 increpat,
907 3625 942 3680 et
960 3637 1026 3680 ooo·

153 3726 297 3788 Auditur
314 3721 438 3806 fructos
458 3733 583 3790 sonitus
605 3733 727 3790 imitato
748 3731 903 3791 tutorum.

72 3833 195 3895 'l'ubam
219 3855 294 3896 aere
315 3836 493 3899 confectam
515 3855 604 3914 esso,
634 3838 695 3900 iam
721 3859 763 3900 ex
778 3837 922 3919 Vergilio
946 3835 1017 3916 ipso
1040 3843 1144 3916 patet,
1165 3835 1316 3899 Formam

72 3941 227 4005 describit
250 3942 411 4024 vegetius
433 3945 537 4018 lll,5:
557 3947 683 4027 „'l'uba,
696 3964 780 4027 quae
794 3946 915 4007 directa
930 3954 990 4021 ost,
1013 3943 1228 4026 appellatrrr.“
1245 3943 1313 4019 (Cf.

73 4049 144 4116 Col.
168 4051 293 4113 'l'raian
314 4073 362 4114 nr,
381 4052 460 4125 83³.
503 4052 586 4116 Ouid
609 4057 739 4116 Metam.
762 4056 786 4132 l,
808 4054 865 4116 98:

153 4159 228 4221 Non
251 4160 327 4223 tuba
350 4162 475 4242 directi,
498 4182 562 4225 non
584 4164 667 4224 aeris
690 4179 808 4223 cornua
828 4160 917 4244 flexi,

157 4268 233 4329 Non
253 4268 379 4351 galeae,
403 4291 466 4331 non
488 4272 574 4333 ensis
596 4278 694 4332 eraut.

69 4377 187 4440 Errant
208 4375 334 4440 Gellius
350 4379 391 4455 V,
414 4378 445 4443 8.
467 4387 500 4441 et
522 4379 706 4442 Macrobius
728 4381 791 4462 vt,
812 4384 842 4446 8.
891 4368 1033 4447 'l'ubicen
1058 4402 1183 4465 quoque
1203 4381 1317 4444 existi-

69 4480 207 4546 mandus
229 4493 281 4546 est
300 4482 385 4565 apud
405 4485 583 4567 Vergilium
605 4486 751 4549 Misenus
773 4489 824 4550 ille
844 4490 997 4554 Aeolides
1017 4490 1078 4572 Vl,
1101 4491 1177 4554 llil:

274 4660 275 4665 ἵ
526 4613 587 4674 pao
608 4613 673 4656 noo
691 4603 909 4673 praestantior
931 4601 1014 4660 atter

160 4699 253 4767 Aera¹
268 4703 351 4762 ciere
370 4702 466 4782 oiroa,
488 4699 690 4783 Martemque
712 4707 884 4772 accendere
905 4713 1010 4767 contu.

72 4805 128 4869 ubi
151 4825 208 4881 oee
229 4825 295 4881 pou
322 4804 451 4888 dubito,
482 4808 556 4892 quin
587 4810 629 4873 de
653 4809 730 4883 tuba
749 4812 877 4888 dictum
905 4811 968 4894 sit,
1000 4812 1147 4894 quoniam
1174 4815 1317 4898 Vegetio
