3022 5234
210 246 251 309 52
703 250 760 309 lle
783 249 956 332 legione.

295 430 359 504 Qui
379 432 509 493 Caerete
530 434 629 511 Meno,
652 438 708 513 qui
727 438 806 493 stent
823 433 980 494 Minionis
1001 437 1035 493 iu
1056 439 1153 510 arnis,

292 541 340 598 Et
357 539 462 617 Pprpi
484 547 605 601 veteres
625 544 890 622 intempestaeque
912 541 1098 604 Grauiscae.

208 646 331 707 florum
353 645 434 706 enim
456 643 533 726 dux,
555 664 648 727 quum
671 647 752 708 alios
773 666 865 709 nemo
887 651 1072 723 nominetur,
1105 666 1185 730 opus
1206 657 1269 729 est,
1298 660 1332 711 nt
1355 651 1456 712 Astur

199 755 266 836 sit,
298 757 348 818 cui
370 763 547 817 tercentum
569 756 683 818 milites
705 756 820 837 oppida
842 756 965 838 Caere,
995 757 1141 839 Pyrgos,
1170 754 1351 820 Graviscae
1373 755 1456 818 adii-

207 863 301 925 ciunt.
343 863 496 925 Asturem
522 864 604 925 enim
628 862 712 925 mille
732 865 874 949 integros
896 881 1007 926 secum
1029 863 1166 946 babere,
1197 867 1383 926 coniectura
1407 873 1458 924 est

207 969 291 1031 nulla
312 990 348 1030 re
369 970 504 1031 firmata.
546 970 693 1032 Vocatur
715 990 793 1032 vero
818 970 893 1031 181:

290 1076 395 1138 Astur
416 1096 513 1157 equo
531 1078 675 1157 fidens
696 1084 729 1137 et
749 1079 989 1140 aersimtoribus
1010 1083 1119 1140 armis.

146 1225 150 1233 -
206 1183 291 1245 unde
312 1185 384 1246 luce
407 1183 538 1265 clarius,
569 1182 628 1247 llos
650 1203 727 1245 esse
748 1192 922 1247 tercentum
946 1185 1018 1247 illos
1039 1186 1185 1267 equites,
1207 1185 1259 1266 qni
1283 1187 1453 1268 unicuique

205 1291 323 1371 legioni
345 1290 582 1354 adliciebantur.
604 1291 702 1353 Iidem
726 1312 805 1355 vere
825 1312 845 1355 a
866 1303 962 1374 poete
982 1296 1044 1357 iam
1066 1296 1126 1366 lx,
1139 1295 1210 1356 367.
1232 1295 1276 1357 ita
1297 1303 1371 1357 suot
1393 1293 1452 1357 de·

209 1407 331 1489 scripti,
354 1423 435 1487 quos
456 1424 549 1466 nemo
572 1405 673 1486 possit
694 1424 757 1465 uon
778 1421 976 1488 agnoscere:

295 1517 424 1576 Interea
441 1515 615 1590 praesumsi
630 1515 792 1589 equites
813 1531 857 1571 eu
878 1512 957 1572 urbe
975 1511 1104 1577 Latina,

296 1625 441 1685 Cetera
461 1621 537 1680 daem
559 1619 665 1695 tepio
688 1621 807 1695 eampis
828 1622 987 1678 insinuata
1007 1621 1161 1695 moratur,

293 1735 390 1792 Ibant
410 1736 441 1789 et
470 1728 576 1788 Turno
597 1728 684 1803 repis
704 1744 860 1802 responsa
876 1727 1033 1806 serebant,

300 1840 542 1900 Tercentum
562 1837 683 1896 scutati
701 1853 809 1894 omnes
835 1821 1005 1895 Volseente
1024 1839 1186 1912 mapistro⁴

211 1953 263 2014 ubi
285 1960 428 2011 cetera
452 1948 562 2030 legio
585 1946 624 2008 ab
646 1944 805 2025 equitibus
826 1945 979 2004 trecentis
999 1941 1193 2024 disiungitur.
1242 1943 1385 2006 Eandem
1416 1943 1453 2004 ob

94 2123 98 2130 .
210 2083 339 2127 causum
364 2060 449 2141 apud
469 2077 579 2141 regem
601 2056 748 2118 Latinum
772 2054 844 2135 equi
866 2054 960 2135 Vlll,
981 2052 1060 2114 275:

297 2174 435 2235 Stabant
453 2175 683 2230 tercentum
704 2167 798 2226 nitidi
816 2169 850 2224 in
869 2164 1077 2241 praesepibus
1098 2162 1183 2222 altis.

210 2305 312 2366 Vides
334 2306 416 2366 enim
438 2312 485 2366 tot
507 2320 606 2385 equos
637 2302 706 2383 regi
733 2302 904 2361 instructos
936 2319 1030 2381 esse,
1068 2307 1103 2360 ut
1134 2300 1292 2379 integrum
1318 2297 1454 2380 legionis

213 2414 384 2495 equitatum
405 2413 507 2494 possit
528 2412 696 2492 complere.
746 2409 877 2470 Aeneas
897 2408 967 2490 ipse
987 2408 1105 2469 auxilia
1130 2406 1454 2488 quadringento-

210 2539 288 2581 rum
311 2519 428 2598 accipit
449 2518 542 2593 Vlll,
564 2515 645 2577 518:

298 2626 449 2688 Arcadas
471 2627 547 2686 buia
567 2629 687 2704 equites
709 2626 768 2684 bis
790 2631 970 2696 eentum,
994 2623 1105 2683 robora
1124 2622 1218 2699 pubis

298 2737 408 2813 Lecta,
429 2735 518 2814 dabo,
542 2733 787 2811 totidemque
805 2750 864 2790 seeo
885 2731 943 2789 tibi
963 2733 1090 2789 nomine
1111 2728 1233 2789 Paltos.

212 2842 354 2922 Quorum
373 2857 571 2901 numerorum
595 2838 674 2899 ratio
697 2832 880 2918 quaerenda
902 2842 961 2899 cst.

295 2975 468 3036 Tateamur
489 2969 614 3052 quidem
637 2976 771 3052 oportet,
792 2967 875 3049 apud
890 2967 1067 3030 Varronem
1082 2964 1318 3032 hos'trecentos
1333 2970 1456 3050 equites

211 3089 242 3147 in
263 3081 485 3162 antiquissima
504 3077 631 3159 legione
648 3094 711 3136 uon
727 3074 878 3136 nominari
898 3074 936 3135 L.
953 3073 991 3137 11.
1008 3073 1049 3135 V.
1065 3080 1093 3149 §.
1107 3073 1166 3134 89:
1182 3073 1346 3150 „Milites,
1371 3073 1456 3156 quod

212 3196 304 3257 trium
326 3187 442 3253 milium
465 3185 547 3266 legio
569 3182 677 3264 fiebat,
706 3200 743 3243 ac
765 3181 910 3264 singulae
931 3182 1030 3243 tribus
1051 3181 1248 3263 Titiensium,
1274 3181 1455 3267 Rammium,

213 3300 374 3360 Lucerum
402 3297 486 3358 milia
513 3293 640 3378 singula
669 3294 797 3355 militum
832 3287 1033 3355 mittebant.“
1088 3293 1240 3355 Attamen
1278 3295 1350 3375 ipse
1386 3297 1456 3359 illos

214 3410 363 3470 omisisse
386 3404 561 3468 credendus
584 3418 650 3486 est,
681 3403 828 3484 quoniam
856 3402 963 3464 militis
985 3402 1134 3464 vocabuli
1154 3402 1306 3485 originem
1329 3425 1348 3465 e
1370 3404 1453 3467 mili-

211 3517 270 3578 bus
290 3516 506 3596 explicaturus
522 3522 599 3575 erat.
627 3512 749 3576 Deinde
765 3521 793 3587 s.
810 3511 860 3573 91.
878 3511 1055 3591 explicatur
1077 3518 1209 3591 „turma
1230 3511 1343 3573 terima
1365 3513 1410 3584 (Ε
1425 3513 1457 3574 in'

211 3623 245 3685 V
266 3623 358 3694 abiit)
379 3621 463 3704 quod
486 3629 535 3682 ter
556 3621 628 3683 deni
649 3623 772 3702 equites
794 3641 836 3682 ex
854 3620 954 3682 tribus
973 3620 1116 3681 tribubus
1131 3619 1330 3702 Titiensium,
1351 3619 1456 3685 Ram-

211 3732 306 3806 nium,
327 3731 486 3793 lanearum
508 3729 656 3790 fiebant.“
706 3728 799 3809 Apud
822 3747 932 3790 omnes
953 3729 1032 3790 alios
1053 3728 1225 3809 scriptores
1244 3729 1275 3791 in
1298 3730 1456 3813 antiquis-

210 3840 323 3900 simam
344 3845 483 3899 aetatem
503 3856 652 3900 numerus
673 3837 728 3901 ille
753 3846 968 3898 trecentorum
995 3844 1132 3900 constat.
1182 3836 1341 3916 Quamvis
1370 3843 1455 3902 enim

211 3945 403 4010 Plutarchus
421 3944 513 4006 Rom.
533 3945 586 4006 20.
607 3953 730 4025 narret,
766 3945 845 4007 urbe
869 3963 926 4026 per
954 3943 1092 4007 Sabinos
1122 3920 1282 4024 duplicata
1310 3948 1456 4031 legiones

211 4057 312 4119 fuisse
342 4072 404 4116 sex
433 4054 549 4117 milium
578 4056 736 4136 peditum,
770 4061 992 4117 sexcentorum
1021 4053 1180 4134 equitum,
1220 4053 1315 4115 vides
1348 4062 1455 4118 tamen

210 4163 304 4226 huius
333 4165 554 4225 auctoritatem
588 4163 627 4226 de
658 4162 852 4245 temporibus
883 4161 1033 4244 mythicis
1069 4166 1226 4224 narrantis
1255 4162 1346 4243 parvi
1379 4181 1456 4226 esse

211 4268 460 4343 aestimandam,
481 4279 514 4332 et
532 4291 665 4346 revera,
691 4273 720 4335 si
741 4272 793 4335 ille
815 4271 932 4353 duplex
953 4274 997 4332 sit
1018 4289 1184 4354 numerus,
1217 4271 1393 4351 simplicem
1415 4269 1455 4334 ad

210 4383 269 4443 tria
290 4378 374 4440 milia
396 4377 543 4458 peditum,
569 4381 691 4461 equites
713 4390 877 4441 trecentos
894 4383 1022 4441 reverti.
1057 4379 1203 4441 Peditum
1225 4377 1319 4441 modo
1340 4390 1456 4445 auctus

210 4500 261 4553 est
282 4505 442 4552 numerus.
486 4489 661 4571 Dionysius
689 4489 729 4551 A.
751 4487 791 4552 R.
813 4489 879 4567 Vl,
908 4486 959 4549 42.
980 4487 1021 4549 de
1041 4486 1173 4549 Valerio
1193 4486 1358 4568 Poplicola
1379 4509 1456 4554 nar·

208 4608 274 4661 rat:
302 4597 370 4662 Καὶ
397 4579 519 4683 yiaeceu
546 4598 626 4664 δέκα
652 4588 869 4684 aspecturus?
896 4586 1061 4680 τάγματα,
1095 4590 1132 4672 ἐξ
1157 4585 1283 4680 ἀνδρῶν
1308 4615 1457 4682 τετρα-

209 4726 279 4769 κισ
285 4703 432 4785 χιλίων
457 4701 555 4790 ἔλαβε
585 4704 640 4770 καὶ
668 4704 732 4767 τῶν
768 4700 898 4767 ἱππέων
925 4684 1009 4767 ¹b'coe
1038 4691 1163 4785 ἑκάστῳ
1190 4699 1455 4789 προσεμερίσθη·

207 4804 248 4877 aa
272 4811 308 4876 δὲ
330 4809 471 4900 τέτταρα
499 4814 554 4879 καὶ
577 4805 654 4889 τούς
681 4802 817 4887 λοιποὺς
841 4806 958 4885 ἱππεῖς
983 4801 1002 4875 ὁ
1023 4799 1193 4895 δικτάτωρ.
1237 4813 1372 4893 Equites
1393 4832 1456 4876 non
