3022 5234
590 218 654 282 -De
675 239 714 282 re
735 218 899 283 medica
1297 224 1360 289 263

128 399 308 462 submissim
326 399 505 463 fabulantes
526 401 732 481 provocabat,
756 411 788 464 et
805 409 860 464 aut
880 409 1117 464 acroamata
1137 410 1171 464 at
1191 402 1362 468 histriones

130 519 186 572 aut
207 509 303 573 etiarn
324 509 465 572 triuiales
478 530 519 572 ex
535 513 619 574 circo
642 511 747 574 ludios
770 504 988 594 interponebat
1008 529 1048 572 ac
1070 512 1269 594 frequentius
1288 529 1363 572 are·

129 616 284 698 talogosd‘
326 618 415 679 Nero
442 637 565 701 quoque
591 616 676 700 apud
708 618 841 681 Sueten.
863 617 933 680 Δ2οε
976 617 1178 701 „diebusque
1207 619 1364 683 continuis

129 724 271 806 [Terpno
292 722 491 804 citharoedo]
521 732 593 805 post
618 744 750 787 coenam
786 726 912 787 canenti
940 725 972 785 iu
999 725 1128 786 multam
1156 734 1279 788 noctem
1303 726 1364 788 ad·
1416 734 1419 741 '

128 829 236 893 sidens
258 831 420 912 paullatim
450 841 482 893 et
509 832 578 913 ipse
600 831 743 894 meditari
765 832 971 913 exercerique
1002 825 1141 911 coepit.“
1185 830 1365 897 Hadrianus

129 950 212 1002 teste
232 941 401 1022 Spartiano
420 941 476 1002 26:
498 941 546 1016 „in
568 941 718 1002 convivio
739 938 935 1022 tragoedias,
960 937 1157 1015 comoedias,
1187 940 1363 1018 Atellanas,

128 1049 311 1128 sambucas,
333 1049 485 1131 lectores,
506 1058 619 1129 poetas
641 1067 696 1128 pro
718 1067 752 1109 re
773 1066 898 1128 semper
920 1044 1098 1110 exhibuit.“

210 1505 268 1568 Rei
292 1505 435 1568 medicae
456 1523 527 1567 rara
548 1505 683 1588 Vergilii
705 1506 893 1570 carminibus
915 1513 966 1567 est
986 1507 1113 1568 mentio.
1156 1504 1229 1564 Huc
1249 1503 1365 1582 refero,

131 1611 214 1693 quod
237 1616 364 1676 Aeneas
387 1617 432 1697 X,
453 1613 529 1680 315:

221 1723 302 1781 Inde
324 1721 449 1783 Licborr
473 1726 563 1802 serit,
583 1727 748 1784 exsectam
770 1723 833 1780 iam
854 1727 954 1792 matre
971 1729 1145 1803 perempta,

211 1829 258 1889 ΕΙ
278 1830 340 1901 tibi,
364 1831 497 1900 Phoebe,
523 1849 663 1909 socrum,
686 1849 798 1890 cassus
818 1831 950 1891 madere
967 1832 1054 1911 ferri

214 1936 306 2020 Quod
324 1937 417 1999 licuit
433 1958 544 2016 porco.

131 2044 200 2107 Res
231 2053 298 2107 erat
326 2046 400 2107 iuris
426 2046 561 2109 Romani
592 2048 653 2109 iam
674 2049 847 2133 antiquitus
867 2049 981 2120 sanciti
1014 2055 1097 2108 teste
1119 2040 1270 2105 Marcello
1292 2041 1365 2118 Dig.

131 2153 191 2230 XI,
213 2154 250 2233 8,
271 2155 306 2218 23
341 2155 471 2240 ”Negat
495 2159 562 2219 lex
591 2159 704 2242 regia
732 2160 910 2237 mulierem,
938 2175 1021 2238 quac
1043 2166 1223 2235 praegnans
1244 2156 1368 2208 mortua

131 2259 182 2334 sit,
204 2259 334 2342 humari,
360 2271 530 2348 antequam
552 2273 662 2344 partus
684 2266 713 2326 ei
735 2265 914 2346 excidatur3
937 2269 991 2347 qui
1006 2271 1116 2325 contra
1131 2258 1255 2338 iecerit,
1277 2273 1366 2338 spem

131 2366 296 2429 animantis
316 2389 386 2432 cum
415 2369 550 2452 gravida
575 2375 753 2452 peremisse
772 2373 926 2440 videtura
970 2373 1101 2436 Paullus
1136 2372 1211 2451 Dig.
1248 2365 1294 2445 Is,
1320 2361 1367 2438 16,

134 2472 208 2535 132ε
229 2474 376 2537 „salsum
398 2486 463 2551 est,
488 2497 559 2540 eam
582 2482 755 2560 peperisse,
779 2483 831 2542 cui
852 2489 994 2542 mortuae
1017 2479 1099 2540 lilius
1111 2481 1263 2538 exsectus
1286 2478 1366 2530 este

132 2581 184 2641 Ex
213 2580 343 2644 historia
374 2599 502 2663 quoque
523 2583 669 2646 Romana
689 2585 794 2665 plures
815 2585 860 2647 ita
879 2584 944 2645 nati
965 2583 1090 2644 inerunt
1112 2580 1271 2642 inlustres.
1315 2573 1366 2642 Cf.

133 2687 212 2748 Plio.
233 2689 274 2750 N.
296 2689 337 2748 H.
362 2689 437 2772 vii,
459 2691 493 2752 7:
526 2694 754 2773 nAuspicatius
785 2703 900 2783 enecta
924 2699 1055 2774 parente
1074 2691 1261 2772 gignuntur,
1282 2689 1368 2749 sicut

134 2797 242 2876 Scipio
266 2797 435 2860 Africanus
458 2791 543 2880 prior
564 2810 677 2876 natus,
700 2805 881 2883 primusque
903 2800 1077 2864 Caesarum
1099 2817 1119 2859 a
1142 2814 1238 2860 caeso
1260 2797 1367 2856 matris

133 2915 221 2968 utero
243 2906 363 2982 dictus,
399 2930 461 2994 qua
489 2910 529 2972 de
558 2930 658 2974 causa
686 2920 718 2974 et
749 2911 915 2975 Caesones
942 2909 1100 2992 appellati.
1142 2905 1242 2969 Simili
1273 2902 1366 2964 modo

132 3024 227 3076 natus
255 3026 288 3078 et
303 3097 307 3104 λ
320 2996 554 3100 Mentioned
578 3020 803 3105 Carthaginem
824 3039 895 3083 curn
918 3020 1060 3089 exercitu
1082 3015 1239 3079 intravitu
1283 3015 1366 3074 Ser-

133 3122 223 3187 vius:
262 3125 328 3184 oli!
354 3128 411 3186 tibi
438 3126 562 3188 Phoebe
587 3149 725 3189 sacrum.
769 3126 898 3200 Omnes,
923 3131 976 3208 qui
1004 3133 1094 3185 secto
1123 3122 1232 3183 matris
1254 3128 1367 3181 ventre

133 3239 355 3311 procreantur,
390 3230 463 3292 ideo
486 3243 562 3295 sunt
598 3236 734 3314 Apollini
757 3234 953 3311 consecrati,
987 3231 1060 3312 quia
1086 3229 1165 3290 deus
1194 3225 1368 3288 medicinae

134 3343 200 3407 cst,
227 3355 282 3415 per
308 3355 401 3417 quam
433 3339 536 3401 lucem
563 3341 740 3402 sortiuntur.
783 3340 875 3403 Unde
903 3336 1112 3417 Aesculapius
1141 3338 1212 3396 eius
1241 3333 1367 3414 tingitur

134 3440 235 3522 filius3
256 3445 299 3505 ita
320 3447 403 3506 euim
424 3464 495 3507 eum
519 3455 718 3526 procreatum
739 3466 833 3529 supra
867 3447 961 3528 (Vss,
982 3443 1072 3522 761.)
1092 3442 1235 3504 diximus.
1279 3440 1367 3504 (lae-

134 3568 241 3613 sarum
262 3553 356 3615 etiarn
376 3555 494 3616 familia
515 3554 587 3615 ideo
610 3573 701 3617 sacra
723 3556 878 3617 retinebat
899 3553 1063 3633 Apollinis,
1083 3552 1165 3632 quia,
1187 3549 1239 3632 qui
1251 3549 1368 3628 primus
1425 3602 1430 3619 ,

135 3657 176 3720 de
196 3675 302 3724 eorum
322 3661 440 3723 familia
462 3663 533 3744 suit,
555 3673 686 3725 exsecto
708 3667 818 3725 matris
839 3672 951 3724 ventre
970 3669 1063 3724 natus
1084 3666 1165 3721 esta
1207 3656 1258 3720 Cf.
1275 3657 1367 3722 Serv.

137 3769 357 3847 Aenum.

218 3884 443 3947 Memorandus
463 3885 577 3948 deinde
600 3899 666 3965 est,
689 3888 741 3968 qui
761 3887 801 3948 ab
822 3881 940 3947 ιᾶσθαι
961 3885 1153 3961 nominatur,
1176 3881 1250 3960 xil,
1269 3874 1346 3937 391:

631 3993 759 4053 Phoebo
782 3999 855 4052 onte
875 3993 954 4052 alios
975 3991 1108 4051 dilectus
1130 3991 1218 4067 Iapis

218 4096 1109 4160 Iasidce.,‚..„,‚‚;..-..

216 4199 309 4263 Scire
327 4209 498 4279 potestates
518 4205 688 4265 bordarum
710 4223 865 4283 usumque
884 4205 1028 4264 medendi

216 4308 338 4369 Maluit
358 4317 390 4370 ct
408 4318 512 4371 mutos
533 4315 655 4388 agitare
675 4313 829 4388 inglorius
850 4316 942 4372 ortis.
1027 4358 1031 4366 ,

135 4415 206 4481 Sed
227 4437 320 4501 quam
342 4416 469 4481 diversa
488 4419 531 4480 sit
552 4420 722 4483 Homerica
743 4420 927 4501 simplicitas
948 4420 983 4481 ll.
1007 4419 1067 4502 tv,
1088 4419 1158 4482 218.
1172 4425 1203 4479 et
1217 4414 1277 4495 xi,
1281 4356 1366 4475 846

137 4544 157 4587 a
177 4523 260 4588 cultu
280 4523 501 4606 descriptionis
523 4526 740 4608 Vergilianas,
764 4526 998 4608 comparatione
1018 4526 1214 4608 diligentiore
1228 4525 1371 4585 instituta

136 4640 206 4718 ipse
226 4635 392 4718 intelliges.
432 4634 684 4699 ,observanter
705 4634 897 4719 alios,quod
929 4634 1013 4716 lapis
1047 4633 1119 4695 uto.
1147 4639 1263 4693 retorto
1294 4649 1371 4691 σασ-

139 4752 260 4812 ainaim
281 4748 399 4810 ammio
419 4741 497 4807 403:
