3022 5234
463 230 521 293 lle
541 236 690 310 patera
732 231 790 291 lle
812 239 965 312 torque.
1292 229 1329 291 ld

83 422 367 496 argenteorum
394 410 505 493 pondo·
527 407 792 493 quinquaginta.“
839 411 967 494 Regulo
994 430 1120 493 quoque
1152 409 1329 491 Gallorum,

83 526 203 586 Balatro
216 521 338 600 xmv,
353 522 402 584 14.
412 533 539 600 praeter
556 519 631 601 alia,
653 536 736 599 quae
748 527 863 601 postea
880 521 1209 600 commemorabimus,
1229 536 1332 601 equus

82 631 333 714 phaleratus-et
363 645 472 690 arma
502 628 711 708 equestria
743 631 841 692 missa
871 639 954 692 sarit.
1011 629 1103 692 Adde
1134 631 1259 711 Xblll,
1291 631 1330 695 lia

83 742 249 822 „Munera
269 734 350 797 mitti
372 737 491 816 legatis
518 752 560 795 ex
587 734 669 795 binis
697 735 823 798 milibus
849 739 934 800 aeris
961 747 1165 816 censuerunt,
1204 740 1331 804 duobus

80 848 232 910 iratribus
253 846 371 928 regulis
391 846 470 908 liaeo
492 847 672 927 pmeoipua,
691 855 823 928 torques
845 846 909 910 duo
928 868 970 909 ex
990 849 1127 931 quinque
1139 850 1244 929 pondo
1261 853 1331 914 auri

82 961 159 1023 laeti
190 967 222 1020 et
248 976 353 1021 vasa
380 966 579 1041 argentea
607 963 745 1040 quinque
773 978 815 1020 ex
834 960 948 1043 viginti
969 958 1072 1042 pondo
1095 969 1128 1022 et
1149 961 1212 1022 duo
1233 965 1329 1042 aqut

83 1069 238 1149 phalerati
268 1087 339 1130 eum
369 1067 564 1150 agasonibus
591 1081 625 1129 et
650 1071 862 1150 equestria
890 1088 997 1132 arma
1019 1089 1058 1133 ao
1080 1069 1195 1152 sagula
1214 1078 1249 1133 et
1270 1085 1331 1131 eo·-
1428 1157 1430 1161 ,

83 1177 213 1240 mitibus
235 1195 346 1239 eorum
367 1181 564 1239 vestimenta
583 1176 692 1239 liberis
720 1173 931 1258 servisque.“
967 1177 1119 1241 Ceterum
1142 1177 1240 1240 etiam
1258 1179 1331 1239 Aa·

84 1285 194 1348 obisse
216 1285 360 1346 Helenus
382 1286 463 1346 Aen.
486 1285 542 1361 Ill,
566 1284 647 1346 470:
681 1284 782 1347 Aaou
800 1306 905 1365 equos.

661 1498 694 1588 q.
715 1505 745 1565 s.

585 1635 645 1689 lle
671 1638 827 1705 pater-a.

167 1805 195 1866 ll
217 1800 359 1885 reliquiis
382 1801 500 1866 'l'roiae
521 1811 669 1885 exustae,
699 1823 781 1884 quae
802 1805 842 1866 ab
864 1805 982 1867 Ilioneo
1004 1804 1134 1869 iubente
1154 1806 1266 1875 Aeaea
1288 1803 1330 1871 ad

86 1929 198 1993 regem
219 1911 365 1975 hatinum
387 1920 605 1994 apportantur,
629 1932 726 1976 unum
755 1922 825 1976 orat
844 1913 973 1995 donum,
1002 1913 1090 1994 quod
1112 1915 1331 1994 maximopere

86 2019 174 2079 initio
196 2018 345 2101 mirabar,
367 2018 444 2099 Vll,
466 2019 545 2082 245:

168 2127 239 2188 Hoo
258 2134 352 2206 poter
372 2127 536 2190 Anchises
560 2150 638 2190 euro
659 2131 777 2190 libabat
796 2132 840 2190 od
857 2151 944 2194 oros.

85 2235 208 2296 Aumm
239 2234 339 2317 enim,
369 2253 433 2316 quo
454 2236 578 2320 libetur,
602 2246 744 2316 pateram
773 2255 848 2299 esse
872 2257 1001 2302 auream
1028 2247 1062 2301 et
1090 2259 1146 2319 per
1172 2257 1211 2301 so
1231 2246 1329 2318 patet,

85 2350 119 2403 et
139 2360 159 2402 e
181 2328 303 2423 Georg.
325 2343 368 2420 ll,
395 2342 469 2406 192:

482 2455 609 2516 Poteris
629 2456 764 2517 libamus
783 2464 816 2517 et
834 2477 922 2517 auro.

86 2555 225 2621 Servius
254 2575 381 2641 quoque
413 2558 453 2622 ad
480 2569 628 2648 nostrum
653 2563 770 2624 locum:
815 2563 984 2633 oPateram
1014 2561 1204 2646 significato
1255 2564 1328 2628 Ve-

85 2683 154 2737 rum
175 2665 319 2729 altiorem
340 2668 508 2732 inhaerere
529 2668 606 2746 viro,
627 2679 742 2751 poetae
764 2661 926 2754 ingenium
948 2678 1093 2737 testatur.
1118 2670 1223 2751 Quum
1245 2673 1329 2745 euim

85 2774 176 2856 regia
203 2783 349 2855 potestas
383 2797 518 2841 esenso
551 2780 695 2843 Romano
717 2800 780 2841 non
809 2781 875 2841 iure
902 2781 1005 2845 solum
1027 2778 1180 2864 dicundo,
1199 2781 1330 2847 civitate

84 2881 358 2969 administranda,
385 2906 496 2953 verum
518 2894 613 2957 otiam
645 2889 811 2950 sacrifieiis
831 2889 890 2950 rite
911 2887 1037 2953 litandis
1058 2897 1197 2969 constet,
1220 2898 1331 2971 patera

83 3009 182 3054 aurea
210 2995 343 3076 regibus
369 2996 477 3060 oblate
500 2996 662 3080 pontificia
694 2996 836 3079 dignitas
859 2995 1022 3058 iudicatur.
1077 2996 1180 3057 Huius
1203 3015 1330 3079 quoque

85 3103 227 3161 muneris
248 3110 301 3164 sat
323 3105 455 3184 praebet
476 3105 844 3187 exemplaltomanorum
867 3106 1000 3168 historia
1020 3126 1052 3168 v.
1061 3126 1093 3188 g.
1105 3107 1178 3168 htv.
1186 3105 1328 3189 XXVII,

86 3206 121 3267 4:
157 3206 292 3295 [begali
315 3209 356 3272 ad
384 3212 568 3295 Syphacem
590 3214 698 3296 missi]
728 3215 832 3287 adona
863 3219 965 3282 tulere
995 3227 1104 3303 togam
1132 3227 1169 3283 et
1191 3219 1329 3282 tumeam

86 3332 293 3401 purpuream,
327 3321 438 3384 sellam
468 3322 651 3407 eburneam,
679 3333 860 3405 pateram
893 3347 935 3389 ex
969 3327 1106 3408 quinque.
1129 3325 1236 3408 pondo.
1260 3325 1331 3396 auri

86 3422 214 3497 laetam.
272 3427 419 3492 Protinus
448 3439 481 3493 et
506 3433 585 3499 alios
607 3432 739 3499 Africae
770 3437 902 3518 regulos
922 3436 1001 3499 iussi
1023 3435 1169 3505 adire-iis
1190 3453 1329 3518 quoque,

86 3547 172 3612 quae
194 3532 352 3615 darentur,
371 3544 509 3621 portata,
533 3548 632 3623 togae
647 3548 835 3615 praetextae
857 3551 891 3610 et
912 3550 1003 3609 torua
1025 3543 1131 3622 pondo
1152 3553 1329 3624 paterae

85 3661 270 3711 sereneo
313 3645 435 3727 XlrIV,
461 3645 513 3708 14:
538 3648 642 3709 allum
663 3647 779 3711 bellum
806 3649 838 3710 in
861 3648 1051 3717 Macedonia
1078 3652 1207 3732 geritur,
1230 3648 1330 3734 legati

86 3749 286 3831 Transalpini
310 3750 351 3817 ab
371 3752 484 3837 regulo
513 3751 677 3819 Gallorum
693 3786 733 3800 -
746 3754 886 3825 Balanos
914 3755 1015 3837 ipsius
1042 3754 1174 3823 traditur
1201 3776 1329 3836 nomen,

85 3855 205 3938 gentis,
237 3877 279 3919 ex
308 3875 372 3938 qua
392 3858 498 3940 fuerit,
521 3880 583 3923 uon
604 3861 740 3926 traditur
763 3896 804 3908 —
824 3864 959 3927 Romam
981 3873 1150 3949 venerunt,
1172 3866 1329 3949 pollieeu·

86 3979 137 4032 tes
158 3971 200 4033 ad
220 3970 463 4035 lllaoedonieum
483 3972 600 4036 bellum
623 3975 748 4037 auxilia,
790 3969 925 4036 Gratiae
943 3971 983 4034 ab
1005 3980 1120 4037 senatu
1141 3981 1234 4035 aotae
1254 3991 1329 4035 mu·

87 4098 226 4161 neroque
264 4078 362 4149 misse
387 4078 508 4160 torquis
538 4097 655 4149 aureus
687 4078 749 4143 duo
779 4077 884 4161 pondo
913 4085 947 4140 et
975 4085 1152 4160 paterae
1178 4095 1328 4141 aureae

87 4199 236 4273 quattuor
257 4190 372 4274 pende,
394 4207 496 4272 equus
516 4190 700 4273 phaleratus
721 4207 870 4271 armaque
891 4190 1079 4271 equestria«

171 4679 287 4744 Didoni
307 4679 440 4765 roginu
460 4678 591 4742 Aeneas
604 4697 666 4741 non
688 4678 804 4759 pallam
821 4677 924 4740 selom
946 4677 1054 4757 mittit,
1074 4669 1134 4734 sed
1153 4678 1325 4754 aequum,

88 4805 248 4866 werram,
270 4788 298 4869 l,
317 4786 396 4851 aasz
