3022 5234
125 236 147 295 S
342 231 399 292 De
419 231 594 310 imperio.
638 229 697 292 De
719 229 938 310 pontificia
959 229 1176 312 dignitate.

710 456 744 546 p.
764 461 796 524 a.

615 594 674 648 lle
691 593 882 665 imperio.

207 741 318 824 Reges
340 740 556 822 Vergilianus,
585 740 732 802 Aeneam
761 740 948 821 praesertim
983 740 1130 803 videmus
1167 759 1223 822 per
1258 758 1369 803 omues

126 847 199 909 belli
220 866 314 910 casus
336 847 500 927 imperium
521 855 639 910 tenere.
661 847 741 909 Belli
761 847 881 909 initium
893 846 978 929 apud
993 847 1141 929 antiquos
1160 845 1285 927 quidem
1301 849 1373 907 lta-

129 953 178 1014 los
210 973 272 1015 nou
309 957 434 1017 omnino
456 975 570 1039 regum
592 957 735 1019 manibus
758 957 883 1020 videtur
907 975 983 1019 esse
1005 955 1236 1019 demandatum.
1265 956 1371 1018 Poeta

129 1059 211 1123 enim
234 1062 312 1143 Vll,
333 1063 404 1126 611.
425 1062 538 1144 innuit,
560 1071 626 1125 tum
634 1062 762 1125 demum
784 1065 945 1126 consulem
968 1063 1035 1125 lani
1051 1064 1202 1145 templum
1213 1081 1372 1145 reserare,

129 1172 184 1230 uli
205 1180 291 1233 certa
312 1175 402 1234 cedet
418 1177 565 1252 putribus
586 1177 743 1234 sententia
760 1190 902 1250 popone,
925 1171 1000 1254 Vll,
1024 1170 1101 1233 617:

212 1281 283 1341 Hoc
304 1289 336 1341 cl
354 1288 420 1343 tum
442 1282 604 1344 Aeneadis
624 1284 761 1343 indicere
782 1282 864 1342 bella
884 1282 1024 1343 Latinus

211 1385 306 1446 More
326 1391 539 1450 iubebatur
562 1393 726 1468 tristiaque
746 1389 911 1450 recludere
929 1395 1050 1466 portae.

132 1492 184 1553 ubi
205 1493 279 1555 illud
300 1496 515 1559 iubebatur
543 1497 612 1559 lere
640 1496 681 1559 ad
703 1505 835 1559 senatus
857 1496 1037 1558 consultum
1059 1503 1196 1577 spectat„
1239 1494 1374 1558 Omnino

133 1619 213 1660 vero
246 1601 330 1682 apud
356 1621 467 1685 regem
488 1604 636 1666 Latinum
659 1604 763 1666 omnia
783 1604 889 1686 magis
920 1604 1125 1666 evoluntate
1146 1603 1261 1666 ducum
1292 1624 1376 1685 pen-

135 1709 224 1791 dent,
255 1713 286 1774 in
310 1712 410 1795 ipsius
432 1722 549 1776 senatu
571 1713 676 1774 omnia
699 1713 866 1790 fluctuant3
890 1714 1010 1772 minore
1032 1709 1151 1791 gaudet
1174 1711 1376 1789 auctoritate,

133 1840 226 1903 quam
242 1824 384 1904 Aeneas,
407 1824 513 1904 quiin
534 1821 699 1884 indicendo
722 1821 804 1882 bello
826 1821 884 1881 fati
905 1819 1011 1900 polius
1033 1818 1378 1891 necessilatemseuui-

133 1938 194 2010 tur,
206 1930 236 1990 in
252 1929 364 1993 eodem
388 1929 573 2015 peragendo
584 1930 780 2012 foedereque
802 1927 945 1990 feriendo
957 1945 1049 1989 suam
1071 1927 1294 1989 auctoritatem
1313 1946 1376 1988 vo-

133 2041 358 2121 luntatemque.
388 2041 438 2103 De
458 2040 626 2103 indicendo
648 2039 743 2101 animi
764 2046 885 2100 tantum
909 2053 1008 2098 causa
1028 2035 1244 2117 metaphorica
1263 2035 1317 2097 illa
1338 2033 1378 2095 de

133 2151 288 2232 Harpyiis
312 2149 395 2212 dicte
416 2148 527 2212 adfero
547 2149 607 2224 Ill,
627 2145 710 2210 234:

498 2257 605 2318 Sociis
626 2262 714 2325 turre,
737 2276 828 2315 orma
848 2262 1019 2332 capescunt

216 2367 316 2426 Edico
337 2372 369 2427 et
389 2369 462 2426 diro
489 2366 605 2426 bellom
626 2384 697 2426 cum
717 2371 812 2442 pente
831 2365 1016 2440 peccudum.

137 2473 206 2536 Uno
228 2481 351 2535 lantum
373 2474 445 2536 loco
465 2475 598 2537 absente
619 2474 733 2535 Aenea
755 2475 815 2554 lX,
835 2471 916 2534 226:

218 2585 375 2643 Ductores
400 2584 557 2644 Teucrum
577 2586 683 2660 primi,
714 2583 834 2642 delecto
857 2585 1015 2652 iuventus,

219 2690 395 2752 Consilium
415 2693 547 2750 commin
569 2692 663 2765 requi
681 2690 720 2748 dc
740 2691 835 2750 relus
855 2690 1019 2749 lculebcnl.

717 2870 751 2963 y.
772 2879 802 2940 a.

505 3011 563 3063 De
581 3007 797 3080 pontificio
814 3009 1029 3078 negumate.

219 3151 315 3231 Apud
336 3154 509 3215 Homerum
532 3172 627 3235 quum
649 3173 689 3216 ea
712 3163 832 3217 tautum
857 3153 1012 3216 sacrificia
1026 3169 1052 3215 'a
1076 3172 1153 3237 rege
1173 3161 1379 3236 peragantur,

138 3275 221 3338 quae
238 3257 279 3318 ad
299 3258 456 3338 publicum
477 3259 676 3323 commodum
688 3269 846 3342 spectant,
858 3260 989 3321 multum
1012 3259 1247 3324 saneGraecus
1269 3281 1288 3324 a
1309 3263 1381 3325 Ro-

138 3383 230 3426 mano
255 3374 351 3446 poeta
374 3365 486 3428 differt.
509 3370 612 3431 'l'anla
634 3372 716 3430 enim
738 3372 785 3430 rei
803 3385 916 3429 saurae
937 3366 1048 3449 religio
1071 3369 1103 3429 in
1123 3369 1235 3430 Aenea
1254 3379 1379 3453 regnat,

140 3481 174 3533 ut
186 3470 321 3555 Gellius,
338 3475 522 3538 Macrobius
538 3495 578 3539 ao
600 3477 736 3540 Servius
753 3495 824 3537 eum
835 3472 991 3537 interdum
1011 3475 1191 3556 pontificem
1211 3476 1381 3537 maximum

139 3580 378 3660 appellaverint.
402 3582 517 3665 Neque
538 3585 969 3664 immeritc,opiuor.Eteuim
990 3584 1066 3645 vide
1086 3581 1190 3659 modo,
1213 3591 1249 3646 ut
1263 3586 1318 3660 ΙΙΙ,
1333 3587 1381 3647 19.

139 3705 233 3749 saera
254 3689 345 3750 matri
373 3688 518 3753 Dioneae
548 3691 696 3772 divisque
728 3701 913 3772 coeptorum
944 3690 1123 3771 auspicibus
1144 3692 1217 3771 lert,
1248 3694 1308 3769 ΙΙΙ,
1330 3693 1382 3754 69.

140 3794 291 3877 Polydori
318 3795 414 3860 sunus
444 3799 612 3882 instaurat,
644 3800 702 3876 ΙΙΙ,
724 3799 776 3864 84.
804 3799 962 3880 Apollinis
993 3799 1152 3861 oraculum
1185 3796 1378 3879 sciscitatur,

138 3905 196 3987 ΙΙΙ,
216 3903 288 3970 367.
310 3902 466 3970 Helenum
488 3917 596 3970 vatem
618 3907 764 3982 consulit,
788 3907 832 3989 V,
850 3906 901 3968 55.
925 3895 1094 3986 exsequias
1117 3923 1241 3968 annuas
1264 3888 1381 3967 inAu-

136 4012 248 4076 ohisae
275 4014 425 4077 honorem
457 4015 606 4094 celebrat,
640 4016 702 4096 Vl,
727 4014 777 4078 10.
808 4025 932 4078 antmm
961 4013 1102 4096 Sibyllae
1134 4016 1227 4095 petit,
1250 4014 1310 4093 Vl,
1332 4016 1383 4077 69.

139 4130 286 4185 votorum
307 4143 393 4186 reum
415 4142 453 4186 se
473 4122 591 4206 reddit,
607 4124 697 4206 Vlll,
715 4125 784 4186 175.
805 4125 976 4186 Herculem
998 4139 1062 4182 una
1084 4139 1156 4182 eum
1175 4122 1325 4184 Evandro
1341 4122 1383 4185 ad

142 4250 228 4294 aram
247 4232 417 4295 maximam
438 4240 620 4310 veneratur,
649 4236 724 4317 Xll,
752 4233 822 4296 175.
851 4234 884 4296 in
918 4231 1019 4294 verba
1050 4229 1191 4292 foederis
1228 4240 1383 4310 concepta

139 4342 229 4404 iurat.
250 4342 367 4421 Neque
387 4339 474 4402 solus
497 4341 641 4422 Aeneas,
663 4343 723 4404 sed
743 4344 827 4405 Dido
849 4342 960 4426 regina
975 4339 1009 4417 Ἰ,
1031 4337 1110 4402 aaa:

443 4452 557 4512 Divom
580 4451 706 4528 templis
728 4454 841 4512 indicit
859 4451 1018 4510 honorem.

139 4561 170 4621 iu
192 4560 260 4642 ipso
281 4560 365 4623 festo
386 4561 412 4642 Ι,
436 4559 507 4622 731.
530 4562 656 4641 lovem,
681 4560 844 4624 Bacchum
867 4568 900 4622 et
920 4551 1070 4621 lunonem
1091 4560 1235 4633 invocat,
1258 4550 1383 4627 lV,58.

142 4665 263 4741 Cereri,
287 4664 430 4748 Phoebo,
451 4667 565 4748 Lyaeo
587 4676 620 4728 et
640 4668 751 4729 lunoni
772 4665 944 4750 sacrificat,
962 4665 1072 4728 Iarbas
1094 4664 1154 4746 IV,
1168 4663 1234 4725 199.
1257 4670 1382 4723 uentum

142 4775 212 4836 lovi
235 4775 353 4857 templa
376 4785 553 4850 consecrat,
579 4780 673 4841 immo
696 4779 752 4863 ΙΙΙ,
773 4776 825 4840 80.
848 4784 898 4839 est
