3022 5234
196 246 234 308 18
358 246 414 306 De
439 246 647 330 quadriga.
708 250 765 310 De
788 253 999 316 consulum
1022 255 1273 336 insignibus.
1304 292 1306 297 ·

277 856 474 942 Quadrigam
496 877 620 942 quoque
642 860 683 924 ad
705 860 841 943 insignia
860 863 1021 943 pertinere
1042 869 1154 949 regia,
1188 869 1300 949 poterit
1328 867 1444 950 aliquis

195 987 213 1028 e
232 968 304 1043 xii,
331 968 402 1052 161,
424 968 600 1048 suspicarit

269 1060 404 1139 'interea
427 1097 528 1154 reyes,
552 1081 676 1154 inuenti
694 1077 775 1138 mole
795 1076 936 1140 Laturus

277 1183 526 1262 Quadriiuqu
546 1186 672 1247 cabitur
694 1205 830 1247 curru.

194 1292 348 1354 Attamen
371 1291 536 1354 obiiciatur
555 1292 624 1352 sinc
646 1293 751 1374 dubio,
775 1294 858 1377 quod
887 1297 995 1360 statim
1024 1299 1100 1365 ici:
1143 1303 1226 1379 biyia
1254 1308 1281 1363 it
1311 1303 1442 1365 Turnus

196 1404 229 1460 in
252 1402 340 1463 albas.
381 1401 501 1465 Verum
526 1404 651 1467 Turnus
672 1423 768 1486 quum
791 1414 822 1468 et
849 1407 951 1470 iunior
981 1409 1023 1469 sit
1052 1416 1086 1471 et
1111 1429 1174 1479 usn
1203 1418 1238 1471 ut
1272 1429 1346 1490 rex,
1382 1409 1443 1472 sed

198 1516 232 1570 ut
259 1509 393 1573 bellator
419 1528 560 1592 pugnam
582 1514 811 1575 commissurus
833 1513 884 1578 hic
905 1523 1075 1596 appareat,
1106 1518 1302 1598 nequaquam
1325 1517 1443 1580 obstat.

198 1614 341 1678 Adiuvat
360 1622 456 1682 eiiam
480 1622 693 1702 suspicionem
715 1628 856 1683 nostram
884 1623 1061 1704 Dionysius
1089 1623 1332 1700 A.it.11‚33:
1380 1629 1443 1686 Τε-

199 1722 349 1799 λευταῖος
383 1722 420 1789 δὲ
441 1723 500 1811 τῆς
532 1725 670 1812 πομπῆς
691 1717 799 1802 ,οὗτος
826 1717 863 1809 [ὁ
883 1717 1064 1810 Ῥωμύλος]
1092 1718 1282 1817 ἐπορεύετο,
1312 1726 1443 1816 ἐσθῆτα

198 1831 257 1915 μὲν
277 1826 500 1922 ἠμφιεσμένος
519 1828 674 1924 ἁλουργῆ,
697 1825 804 1923 δάφνῃ
828 1834 865 1900 δὲ
887 1835 1144 1920 κατεστεμμένος
1163 1828 1224 1915 τοὶς
1250 1827 1364 1923 κόμας,
1386 1837 1443 1903 καὶ

199 1940 261 2008 ἵνα
295 1937 341 2010 ari
372 1943 589 2028 βασίλειον
624 1936 790 2026 ἀξίωμα
820 1933 946 2032 σώζῃ,
984 1942 1205 2031 τεθρίππῳ
1232 1951 1443 2034 παρεμβε-

196 2044 344 2140 βηκώᾳ

765 2235 800 2324 a.
823 2239 871 2303 u.

534 2395 593 2450 lie
611 2395 829 2454 eumenium
846 2391 1093 2461 insignibus.

283 2511 497 2578 Consulatum
509 2518 544 2578 in
559 2533 688 2579 carmen
696 2513 860 2579 intrudere
878 2520 974 2595 poeta
986 2515 1112 2578 omnino
1133 2527 1197 2579 non
1215 2513 1328 2592 putuit,
1343 2531 1444 2595 quum

198 2626 309 2702 pueris
329 2621 485 2690 Romanis
507 2642 620 2706 annus,
643 2643 705 2706 que
726 2624 816 2705 primi
839 2628 928 2685 eraut
957 2620 1066 2696 creati,
1095 2619 1139 2681 ita
1159 2627 1250 2681 esset
1270 2618 1380 2698 tritus,
1408 2633 1445 2693 m

201 2729 387 2793 cachinnum
402 2733 574 2812 movisset,
595 2734 626 2792 si
647 2731 702 2793 tali
716 2749 824 2793 errore
844 2729 969 2811 poetico
983 2729 1201 2811 antiquitatem
1221 2729 1308 2790 illam
1319 2737 1444 2819 regiam

201 2839 404 2907 maculasset.
443 2838 554 2903 Semel
584 2848 708 2905 tantum
737 2841 889 2907 lustcricc
918 2840 1013 2903 modu
1049 2859 1123 2901 eum
1155 2837 1195 2902 ad
1218 2839 1300 2902 Belli
1331 2850 1443 2928 portas

203 2945 282 3021 vii,
301 2945 373 3008 611.
394 2961 560 3011 memorat:

284 3055 369 3136 Has,
390 3057 446 3116 ubi
466 3065 553 3118 certa
570 3059 659 3118 sedet
676 3060 822 3136 putribus
842 3061 1000 3118 sententia
1018 3076 1155 3135 μομποτ,

281 3166 357 3242 Ipse
380 3162 542 3239 Quirinali
559 3165 667 3225 trabea
688 3167 856 3243 cinctuque
878 3163 1001 3226 Gabino

283 3274 428 3351 Inaiynis
448 3281 574 3335 raserat
591 3274 758 3333 stridentia
779 3272 890 3332 limina
912 3273 1033 3333 censui.

203 3376 327 3442 Consul
350 3360 514 3458 Quirinali.
536 3380 650 3461 idest,
676 3381 769 3462 regia
786 3378 896 3441 trabea
917 3378 1073 3457 induitur3
1104 3397 1190 3459 uam,
1219 3378 1315 3441 Livio
1342 3381 1385 3457 ii,
1413 3379 1440 3443 1.

200 3495 287 3550 teste
309 3490 433 3564 „omnia
454 3493 536 3572 iura,
558 3488 662 3551 omnia
689 3489 826 3570 insignia
855 3490 948 3568 primi
976 3484 1125 3551 consules
1155 3487 1331 3567 tenuere.“,
1366 3491 1441 3549 cin-

203 3605 319 3678 ctuqae
342 3597 475 3661 Gabino.
496 3597 648 3661 Servius:
670 3594 837 3674 „Gabinus
855 3596 978 3658 cinctus
998 3603 1050 3657 est
1069 3604 1148 3679 tuga
1174 3594 1222 3657 sic
1252 3596 1284 3656 iu
1314 3601 1441 3679 tergum

204 3706 334 3788 reiecta,
356 3715 391 3768 ut
410 3710 476 3768 ima
497 3710 568 3768 eius
588 3705 704 3768 lacinia
724 3722 745 3767 a
764 3712 856 3787 tergo
868 3710 1023 3767 revocata
1041 3702 1207 3766 humerum
1230 3702 1346 3785 cingat.
1367 3702 1440 3769 Hoc

203 3821 312 3875 autem
345 3814 528 3876 vestimenti
560 3832 679 3897 genere
711 3812 859 3875 utebatur
888 3811 998 3874 consul
1027 3811 1111 3875 heila
1140 3811 1317 3874 indicturus
1324 3827 1334 3891 3
1355 3810 1439 3895 idea,

205 3924 279 4003 quia
299 3937 397 4001 quum
419 3917 516 3985 Gabii
539 3920 733 4003 Campaniae
747 3923 865 3983 civitas
879 3923 984 3981 sacris
1000 3927 1195 4000 operaretur,
1207 3917 1321 3981 bellum
1335 3918 1440 3981 subito

159 4034 163 4039 '
204 4029 321 4092 evenit.
344 4028 437 4090 'i'unc
458 4028 551 4090 cives
571 4031 670 4092 cincti
691 4031 777 4112 togis
798 4030 866 4089 suis
887 4026 927 4088 ab
949 4025 1012 4088 aris
1033 4024 1076 4087 ad
1098 4024 1182 4088 belia
1213 4025 1349 4105 prefecti
1368 4033 1441 4089 suut

203 4147 237 4202 et
258 4135 365 4218 adepti
383 4134 583 4198 victoriam.“
610 4139 735 4203 It'asues
753 4156 838 4200 vero
865 4138 1010 4200 lictorum
1037 4134 1165 4217 insigne
1193 4133 1358 4218 Vergilius
1379 4133 1441 4198 iam

205 4247 340 4330 regibus
361 4247 469 4309 tribuit
489 4245 567 4325 vll,
591 4243 666 4307 173:

288 4355 376 4420 Hinc
397 4363 525 4435 sceptra
545 4359 689 4432 accipere
710 4363 742 4415 et
759 4359 879 4432 primus
900 4354 1044 4415 attollere
1061 4355 1207 4432 fascea

285 4463 425 4540 Rupibus
445 4481 536 4522 ouran
555 4468 634 4522 crat.

207 4587 383 4652 quanquam
403 4569 489 4635 hunc
509 4571 614 4651 locum
636 4568 680 4631 ita
695 4567 854 4649 explicare
876 4569 993 4653 malim,
1015 4577 1049 4632 ut
1064 4568 1126 4632 duc
1145 4571 1257 4651 regiae
1271 4570 1440 4650 potestatis

206 4679 340 4760 iusignia
362 4676 592 4760 quodammodo
614 4694 634 4738 a
659 4682 755 4757 poeta
774 4677 874 4738 inscio
892 4676 934 4739 ad
952 4677 1140 4760 dignitatem
1161 4673 1328 4738 ineundam
1343 4676 1441 4759 relata

205 4801 281 4847 esse
304 4804 384 4847 rear.
428 4785 584 4848 Attollerc
600 4787 712 4864 fascea
731 4783 858 4866 poetice
880 4788 940 4847 erit
960 4783 1108 4867 loquendi
1128 4802 1250 4868 genere
1273 4782 1439 4847 idemfere
