3022 5234
189 237 253 300 240
679 234 738 297 De
765 231 965 298 textrina.-

192 418 304 501 Soylla
326 436 434 481 amore
455 426 601 500 correpta
624 417 688 480 Cir.
713 417 789 482 176:

271 525 375 587 Nulla
395 525 495 585 colum
516 529 609 584 uouit

188 631 281 692 Haeo
303 631 384 692 enim
407 631 613 692 instrumenta
635 638 721 710 sunt,
752 628 866 711 quibus
887 627 927 692 ad
950 631 1118 694 textrinam
1142 648 1221 713 opus
1245 639 1309 716 est,
1338 636 1438 715 primo

189 738 319 814 eolus,
354 756 416 817 qna
438 739 540 799 lanam
561 737 736 817 ponebant,
772 735 886 798 deiude
914 737 1051 820 lusus,
1084 757 1177 821 quem
1200 737 1307 801 nendo
1329 739 1438 826 digitis

187 845 370 907 volvebant.
413 843 533 925 Georg.
556 844 615 918 lV,
634 841 715 906 3⁴18:

267 955 416 1015 Carmine
436 972 496 1033 quo
519 957 630 1030 captae
650 953 725 1011 datm
742 954 830 1031 susis
852 953 959 1013 mollio
977 971 1080 1029 penso

269 1063 452 1124 Deooloout.

187 1169 310 1233 Pareae
332 1170 445 1249 Eulog.
467 1168 526 1244 lV,
546 1167 601 1232 46:

273 1280 362 1340 natta
382 1277 499 1352 euecta,
522 1280 593 1337 suis
614 1277 780 1356 dioteruut,
802 1281 930 1359 currite,
947 1281 1048 1358 susis.
1071 1342 1075 1350 ,

188 1380 252 1448 cir.
271 1384 352 1451 '4442

271 1498 427 1573 Oeniuqia
449 1497 554 1575 adque
574 1503 658 1575 tuae,
680 1516 895 1577 quaecumque
918 1502 979 1558 erit
997 1499 1065 1571 illu,
1087 1500 1195 1561 beatae

267 1608 343 1668 Nou
363 1606 452 1665 licuit
471 1606 620 1681 pravidos
638 1623 738 1681 penso
760 1604 923 1664 deuoluere
940 1607 1045 1684 susos.

186 1747 361 1809 Peusum
394 1740 475 1800 euim
497 1736 611 1799 dicitur
630 1738 719 1811 lana,
740 1753 822 1819 quae
856 1737 966 1815 puellis
995 1736 1086 1800 datur
1114 1738 1195 1801 iutra
1225 1737 1431 1803 eonstitutum

185 1861 311 1933 tempus
330 1851 479 1934 perarida.
521 1850 599 1912 lude
620 1847 745 1909 domine
767 1848 856 1928 Vlll,
878 1849 958 1910 411:

559 1956 776 2036 Famulusque
799 1958 844 2018 ad
862 1959 984 2019 lumino
1004 1958 1099 2036 unqe

268 2071 415 2130 Emeroet
432 2084 541 2143 penso.

188 2175 352 2241 Vocantur
374 2172 492 2254 Georg.
515 2173 540 2253 l,
561 2170 643 2234 390:
665 2180 823 2235 nocturna
843 2181 1008 2252 carpentes
1025 2193 1128 2253 penso
1144 2175 1280 2252 puellos.

268 2307 369 2370 Cuius
399 2305 488 2385 pensi
518 2322 591 2384 pars
618 2304 807 2366 staminibus
838 2304 942 2366 (luetis
971 2303 1064 2366 tertio
1086 2304 1293 2369 instrumento
1316 2307 1428 2373 radio

184 2417 352 2497 excipitur,
382 2433 445 2494 qno
467 2415 536 2494 ipsa
558 2413 695 2475 textrina
716 2411 884 2491 perlinitur.
929 2409 1007 2472 lude
1028 2413 1120 2474 matri
1141 2414 1289 2498 Euryali,
1313 2416 1354 2480 de
1376 2415 1428 2479 lilii

185 2533 286 2587 morto
308 2524 414 2585 nuntio
436 2524 545 2602 allato,
570 2522 629 2603 1x,
651 2520 727 2583 476:

266 2634 416 2694 Eoeeussi
433 2633 578 2692 mouillus
598 2634 683 2692 rodii
709 2632 912 2711 revolutaque
940 2651 1051 2711 penso.

185 2762 279 2842 Quod
302 2762 427 2824 dnetnm
451 2780 525 2822 esse
548 2781 588 2823 ex
610 2763 779 2826 Homerios
800 2762 1024 2826 Andromache
1044 2764 1079 2825 ll.
1100 2765 1194 2848 xxi,
1216 2764 1294 2830 448:

267 2866 325 2952 τῆς
347 2863 533 2951 δ’ἐλελίχθη
555 2869 638 2948 γυῖα,
659 2864 760 2948 χαμαὶ
781 2864 818 2930 δέ
842 2863 874 2930 οἱ
896 2859 1015 2930 ἔκπεσε
1036 2866 1153 2953 nepai.

183 2979 257 3058 quis
279 2974 435 3060 negabit?
457 2978 487 3037 A
509 2975 596 3037 rodio
619 2995 697 3036 vero
717 2969 864 3058 (κερκίς)
885 2977 1119 3056 quammaxime
1141 2978 1244 3041 differt
1266 2990 1428 3062 pecten,

181 3087 432 3160 instrumentum,
455 3094 490 3146 nt
511 3083 650 3165 videtur,
673 3084 812 3145 Homero
834 3084 1037 3165 incognitum,
1071 3103 1132 3166 qno
1156 3087 1221 3148 tela
1237 3106 1257 3149 a
1274 3088 1428 3153 Romanis

183 3193 311 3256 feminis
346 3192 471 3254 densari
504 3192 637 3254 solebat.
693 3192 746 3254 Ad
780 3210 909 3274 quarum
947 3193 1128 3275 exemplum
1162 3193 1257 3258 cirne
1291 3209 1428 3262 voeatur

186 3303 252 3365 Vll
287 3302 345 3366 142

252 3347 390 3483 ‚Arputo
412 3408 517 3464 teuuie
535 3420 731 3480 percurrens
749 3407 876 3480 peetiue
898 3405 988 3466 telos.

162 3560 201 3620 ¹a
223 3541 335 3623 Scylla
356 3557 463 3601 eruore
485 3544 630 3617 correpta
651 3535 714 3598 Cir.
738 3536 814 3600 1⁷8:

260 3677 336 3737 Nou
357 3674 476 3750 Libyan
497 3671 606 3731 molles
623 3671 822 3748 plauduntur
840 3677 966 3751 pectine
987 3672 1077 3733 telae.

181 3783 338 3867 Argutnm
360 3788 495 3842 vocatur
516 3797 535 3839 a
557 3786 651 3857 poeta
673 3787 805 3858 pecten,
835 3777 1118 3860 quaemadmodum
1140 3796 1232 3841 serra
1255 3774 1378 3862 Georg.
1399 3780 1425 3859 1,

181 3889 262 3974 14³,
285 3893 329 3951 ita
352 3897 385 3950 ut
407 3889 475 3950 eius
498 3888 611 3949 dentes
633 3894 751 3967 textor,
775 3895 942 3968 postquam
958 3887 1085 3979 stamini
1101 3887 1265 3948 subtemen
1282 3885 1424 3950 additum

180 4007 248 4072 est,
271 4000 303 4058 iu
320 3996 430 4058 textile
451 4005 535 4076 agat.
578 3995 691 4057 Utrum
713 3993 804 4067 illud,
837 3992 1100 4076 quemadmodum
1119 3983 1150 4054 in
1174 3994 1328 4060 hodierna
1348 4004 1425 4057 tex·

180 4105 261 4168 trina
284 4103 419 4182 deiuge
441 4102 546 4182 aliquo
568 4099 785 4163 attrahendum
808 4108 842 4161 et
857 4099 1075 4162 remittendum
1092 4094 1239 4180 pendeat,
1263 4086 1306 4166 au
1331 4121 1427 4166 manu

181 4213 444 4289 comprehensum
466 4210 607 4288 feriatur,
630 4229 690 4270 non
714 4212 836 4270 omuino
859 4208 1027 4289 perspitio.
1058 4209 1224 4271 Posterius
1245 4217 1333 4289 puto.
1375 4204 1426 4270 Aa

183 4324 264 4386 tales
285 4341 365 4384 vero
393 4339 469 4383 usus
497 4329 613 4400 pecten
633 4320 734 4382 titisse
756 4317 929 4381 adhibitum
945 4317 1038 4381 vides
1052 4338 1093 4382 ex
1105 4318 1198 4382 Ovid
1213 4318 1426 4402 Metamorph.

180 4429 324 4515 v1,53:

265 4539 363 4601 Haud
386 4555 493 4615 mora3
517 4537 695 4596 consistunt
717 4532 855 4596 (liversis
875 4533 1017 4615 partibus
1039 4531 1163 4616 ambae,

267 4644 310 4705 lut
331 4647 439 4729 gracili
460 4632 605 4729 geminas
627 4641 794 4704 intendunt
815 4643 949 4705 stamine
971 4640 1063 4703 telas.

263 4754 341 4817 'lelo
364 4754 440 4836 ingo
461 4756 567 4815 vincta
588 4759 650 4825 est,
672 4762 795 4812 stamen
817 4750 957 4825 secernit
977 4747 1111 4834 arundo,
