3022 5234
94 2415 212 2531 ⁰eto
244 2464 315 2529 lere
347 2457 555 2544 praeterlapsi
581 2468 658 2523 aunt
691 2459 783 2547 anui,
820 2480 864 2525 ex
898 2477 959 2544 quo
995 2461 1255 2530 dissertationem
1289 2465 1330 2531 de

98 2629 221 2680 morum
251 2615 289 2685 in,
308 2610 448 2700 Vergilii
473 2609 620 2676 Aeneide
652 2606 763 2676 lrabitu
789 2610 893 2700 edidi,
924 2628 988 2696 quo
1020 2633 1051 2698 p.
1076 2612 1138 2680 Ol.
1170 2615 1334 2699 pollicitus

99 2787 184 2849 aum,
209 2788 261 2832 me
288 2740 493 2850 antiquitates¹
520 2767 687 2851 aliquando
714 2768 918 2855 Vergilianas
947 2786 1023 2831 esse
1048 2772 1251 2850 scripturum.
1299 2769 1336 2830 ln

99 2916 207 2984 diariis
222 2918 336 2985 deiude
349 2920 595 2985 Zimmermanni
613 2920 811 3006 philologieis
832 2937 986 2985 annorum
995 2917 1335 3019 Mocccxxxwss.

97 3091 145 3135 nr.
160 3073 220 3138 71.
236 3073 307 3159 72,
325 3071 637 3140 MDCCCXXXIX.
651 3094 699 3139 nr.
718 3074 776 3139 80.
796 3073 854 3138 81.
870 3072 933 3138 duo
952 3091 1061 3137 earurn
1080 3070 1262 3154 fragmenta
1274 3087 1336 3151 pa-

100 3223 163 3284 trio
198 3238 348 3284 sermone
385 3227 565 3305 conscripta
592 3223 832 3289 communicavi.
866 3221 1011 3287 Eundem
1041 3239 1143 3303 nuper
1169 3218 1275 3282 laeum
1305 3218 1338 3283 iu

62 3465 64 3469 ¹
99 3388 214 3433 museo
239 3379 483 3454 praeceptorum
509 3380 667 3436 terrarum
680 3371 859 3436 Rhenanao
885 3380 920 3436 et
936 3368 1166 3453 Westphaliae
1196 3366 1270 3432 Vol.
1295 3368 1335 3431 Π.

102 3538 133 3602 p.
147 3516 206 3583 35.
218 3519 322 3606 tetigi.
348 3520 479 3584 Librum
492 3520 554 3584 ianr
572 3520 745 3616 integrum,
760 3540 863 3603 neque
886 3538 966 3585 vero
981 3517 1128 3602 proleeto
1146 3474 1340 3606 absolutum,

101 3666 251 3752 quamvis
273 3667 306 3730 in
333 3688 373 3732 eo
398 3669 590 3742 elaborando
616 3670 826 3736 Horatianum
859 3670 936 3736 illud
962 3677 1168 3751 praeceptum
1194 3666 1235 3731 de
1254 3688 1338 3732 anno

102 3835 187 3880 nono
212 3816 275 3880 ianr
311 3817 435 3883 decimo
462 3818 686 3903 exspectando
710 3820 863 3906 religiose
888 3822 1100 3901 servaverim,
1134 3818 1213 3883 viris
1238 3816 1341 3884 docile

100 3966 204 4031 trado.
255 3966 378 4032 Verum
397 3966 480 4031 enirn
513 3986 593 4031 vero
618 3966 789 4032 finiendum
815 3978 884 4035 erat
907 3968 1077 4053 aliqnando
1102 3976 1339 4054 argumentum,

102 4115 228 4180 animus
264 4114 443 4199 aquadam
471 4117 564 4199 quasi
588 4118 672 4181 mole
697 4117 891 4182 liberandus.
955 4119 1001 4182 At
1034 4117 1109 4182 lieet
1143 4117 1214 4201 ipse
1243 4118 1342 4200 prebe

103 4266 258 4348 sentiam,
292 4266 334 4331 de
358 4268 463 4332 multia
495 4266 548 4333 hio
582 4265 785 4350 pertractatio
819 4266 953 4333 dubitari
985 4283 1099 4353 posse,
1131 4266 1172 4331 de
1209 4265 1283 4330 aliia
1310 4266 1342 4328 in

105 4429 276 4502 utramque
306 4421 427 4498 partem
452 4414 630 4505 disputari,
664 4433 798 4501 sperare
824 4423 931 4479 tarnen
955 4417 1078 4504 ausim,
1113 4415 1182 4479 fore
1216 4423 1252 4478 ut
1279 4434 1342 4479 non

104 4569 138 4634 in
163 4568 344 4656 Vergilium
365 4564 481 4651 solum,
507 4566 568 4631 sed
592 4566 624 4630 in
648 4566 750 4652 ipsam
777 4565 872 4628 etiarn
887 4562 1097 4630 Romanarum
1122 4564 1342 4646 antiquilatum
1457 4558 1461 4563 ’

104 4717 282 4784 doetrinam
306 4716 430 4782 fruetus
451 4714 564 4799 aliquis
589 4715 753 4785 redundet.
792 4715 932 4799 Operam
958 4714 1040 4778 enirn
1065 4712 1149 4798 dodi,
1175 4725 1211 4780 ut
1238 4717 1343 4780 eunoti
