<?xml version="1.0" encoding="UTF-8"?>
<!DOCTYPE html PUBLIC "-//W3C//DTD XHTML 1.0 Transitional//EN"
    "http://www.w3.org/TR/xhtml1/DTD/xhtml1-transitional.dtd">
<html xmlns="http://www.w3.org/1999/xhtml" xml:lang="en" lang="en">
 <head>
  <title>
</title>
<meta http-equiv="Content-Type" content="text/html;charset=utf-8" />
  <meta name='ocr-system' content='tesseract 3.04.00' />
  <meta name='ocr-capabilities' content='ocr_page ocr_carea ocr_par ocr_line ocrx_word'/>
</head>
<body>
  <div class='ocr_page' id='page_1' title='image "./antiquitatesver00lersgoog_0088.png"; bbox 0 0 3022 5234; ppageno 0'>
   <div class='ocr_carea' id='block_1_1' title="bbox 438 215 1381 301">
    <p class='ocr_par' dir='ltr' id='par_1_1' title="bbox 438 215 1381 301">
     <span class='ocr_line' id='line_1_1' title="bbox 438 215 1381 301; baseline 0.007 -21"><span class='ocrx_word' id='word_1_1' title='bbox 438 217 496 280; x_wconf 88' lang='lat' dir='ltr'><strong>De</strong></span> <span class='ocrx_word' id='word_1_2' title='bbox 517 215 653 300; x_wconf 81' lang='lat' dir='ltr'><strong>galea,</strong></span> <span class='ocrx_word' id='word_1_3' title='bbox 676 215 843 278; x_wconf 86' lang='lat' dir='ltr'><strong>cassida</strong></span> <span class='ocrx_word' id='word_1_4' title='bbox 865 226 903 278; x_wconf 90' lang='lat' dir='ltr'><strong>et</strong></span> <span class='ocrx_word' id='word_1_5' title='bbox 923 220 1076 301; x_wconf 82' lang='lat' dir='ltr'><strong>galero.</strong></span> <span class='ocrx_word' id='word_1_6' title='bbox 1338 222 1381 287; x_wconf 78' lang='lat'><strong>73</strong></span> 
     </span>
    </p>
   </div>
   <div class='ocr_carea' id='block_1_2' title="bbox 132 389 1380 912">
    <p class='ocr_par' dir='ltr' id='par_1_2' title="bbox 132 389 1380 804">
     <span class='ocr_line' id='line_1_2' title="bbox 132 389 1379 484; baseline 0.003 -20"><span class='ocrx_word' id='word_1_7' title='bbox 132 399 164 464; x_wconf 89' lang='lat' dir='ltr'><strong>iu</strong></span> <span class='ocrx_word' id='word_1_8' title='bbox 185 418 248 482; x_wconf 90' lang='lat' dir='ltr'><strong>qno</strong></span> <span class='ocrx_word' id='word_1_9' title='bbox 270 397 346 462; x_wconf 86' lang='lat' dir='ltr'><strong>talis</strong></span> <span class='ocrx_word' id='word_1_10' title='bbox 367 399 462 461; x_wconf 87' lang='lat' dir='ltr'><strong>moris</strong></span> <span class='ocrx_word' id='word_1_11' title='bbox 481 400 597 461; x_wconf 90' lang='lat' dir='ltr'><strong>nullum</strong></span> <span class='ocrx_word' id='word_1_12' title='bbox 618 396 810 460; x_wconf 90' lang='lat' dir='ltr'><strong>cernendum</strong></span> <span class='ocrx_word' id='word_1_13' title='bbox 833 412 883 460; x_wconf 86' lang='lat' dir='ltr'><strong>est</strong></span> <span class='ocrx_word' id='word_1_14' title='bbox 903 389 1101 482; x_wconf 74' lang='lat' dir='ltr'><strong>vestigium.¹</strong></span> <span class='ocrx_word' id='word_1_15' title='bbox 1129 403 1208 465; x_wconf 80' lang='lat' dir='ltr'><strong>&#39;l&#39;ale</strong></span> <span class='ocrx_word' id='word_1_16' title='bbox 1228 417 1379 484; x_wconf 86' lang='lat' dir='ltr'><strong>„scutum</strong></span> 
     </span>
     <span class='ocr_line' id='line_1_3' title="bbox 134 503 1380 596; baseline 0.004 -26"><span class='ocrx_word' id='word_1_17' title='bbox 134 508 235 571; x_wconf 89' lang='lat' dir='ltr'><strong>breve</strong></span> <span class='ocrx_word' id='word_1_18' title='bbox 258 516 291 570; x_wconf 90' lang='lat' dir='ltr'><strong>et</strong></span> <span class='ocrx_word' id='word_1_19' title='bbox 312 503 507 568; x_wconf 87' lang='lat' dir='ltr'><strong>rotundum“</strong></span> <span class='ocrx_word' id='word_1_20' title='bbox 549 507 665 569; x_wconf 82' lang='lat' dir='ltr'><strong>Servio</strong></span> <span class='ocrx_word' id='word_1_21' title='bbox 686 513 772 569; x_wconf 84' lang='lat' dir='ltr'><strong>teate</strong></span> <span class='ocrx_word' id='word_1_22' title='bbox 794 507 875 588; x_wconf 85' lang='lat' dir='ltr'><strong>Vll,</strong></span> <span class='ocrx_word' id='word_1_23' title='bbox 908 508 978 570; x_wconf 89' lang='grc'><strong>190.</strong></span> <span class='ocrx_word' id='word_1_24' title='bbox 1001 518 1034 571; x_wconf 90' lang='lat' dir='ltr'><strong>et</strong></span> <span class='ocrx_word' id='word_1_25' title='bbox 1065 510 1206 573; x_wconf 86' lang='lat' dir='ltr'><strong>trabeam</strong></span> <span class='ocrx_word' id='word_1_26' title='bbox 1228 530 1380 596; x_wconf 78' lang='lat' dir='ltr'>augures,</span> 
     </span>
     <span class='ocr_line' id='line_1_4' title="bbox 132 607 1378 701; baseline 0.006 -24"><span class='ocrx_word' id='word_1_27' title='bbox 132 614 233 678; x_wconf 88' lang='lat' dir='ltr'><strong>Dialis</strong></span> <span class='ocrx_word' id='word_1_28' title='bbox 260 622 294 676; x_wconf 89' lang='lat' dir='ltr'><strong>et</strong></span> <span class='ocrx_word' id='word_1_29' title='bbox 320 614 479 677; x_wconf 81' lang='lat' dir='ltr'><strong>Martialis</strong></span> <span class='ocrx_word' id='word_1_30' title='bbox 505 613 658 678; x_wconf 90' lang='lat' dir='ltr'><strong>sacerdos</strong></span> <span class='ocrx_word' id='word_1_31' title='bbox 686 615 868 697; x_wconf 78' lang='lat' dir='ltr'><strong>gestabant.</strong></span> <span class='ocrx_word' id='word_1_32' title='bbox 918 607 1023 680; x_wconf 80' lang='lat' dir='ltr'><strong>Recte</strong></span> <span class='ocrx_word' id='word_1_33' title='bbox 1052 619 1148 701; x_wconf 87' lang='lat' dir='ltr'><strong>igitur</strong></span> <span class='ocrx_word' id='word_1_34' title='bbox 1174 621 1273 684; x_wconf 90' lang='lat' dir='ltr'><strong>Picus</strong></span> <span class='ocrx_word' id='word_1_35' title='bbox 1306 639 1378 685; x_wconf 92' lang='lat' dir='ltr'><strong>cum</strong></span> 
     </span>
     <span class='ocr_line' id='line_1_5' title="bbox 133 721 598 804; baseline -0.004 -18"><span class='ocrx_word' id='word_1_36' title='bbox 133 723 287 804; x_wconf 78' lang='lat' dir='ltr'><strong>Quirinali</strong></span> <span class='ocrx_word' id='word_1_37' title='bbox 315 722 393 785; x_wconf 87' lang='lat' dir='ltr'><strong>lituo</strong></span> <span class='ocrx_word' id='word_1_38' title='bbox 414 721 499 804; x_wconf 84' lang='lat' dir='ltr'><strong>vu,</strong></span> <span class='ocrx_word' id='word_1_39' title='bbox 524 721 598 784; x_wconf 77' lang='lat'>188:</span> 
     </span>
    </p>

    <p class='ocr_par' dir='ltr' id='par_1_3' title="bbox 215 830 1042 912">
     <span class='ocr_line' id='line_1_6' title="bbox 215 830 1042 912; baseline 0.002 -19"><span class='ocrx_word' id='word_1_40' title='bbox 215 830 412 893; x_wconf 70' lang='lat' dir='ltr'><strong>Succinctus</strong></span> <span class='ocrx_word' id='word_1_41' title='bbox 432 832 553 912; x_wconf 85' lang='lat' dir='ltr'><strong>trabea,</strong></span> <span class='ocrx_word' id='word_1_42' title='bbox 577 830 728 912; x_wconf 81' lang='lat' dir='ltr'><strong>laevaque</strong></span> <span class='ocrx_word' id='word_1_43' title='bbox 750 832 885 901; x_wconf 74' lang='lat' dir='ltr'><strong>ancile</strong></span> <span class='ocrx_word' id='word_1_44' title='bbox 901 836 1042 910; x_wconf 73' lang='lat' dir='ltr'><strong>peretot.</strong></span> 
     </span>
    </p>
   </div>
   <div class='ocr_carea' id='block_1_3' title="bbox 130 968 1380 1593">
    <p class='ocr_par' dir='ltr' id='par_1_4' title="bbox 130 968 1380 1593">
     <span class='ocr_line' id='line_1_7' title="bbox 132 968 1380 1052; baseline 0 -20"><span class='ocrx_word' id='word_1_45' title='bbox 132 970 258 1032; x_wconf 85' lang='lat' dir='ltr'><strong>Ancilia</strong></span> <span class='ocrx_word' id='word_1_46' title='bbox 286 988 443 1051; x_wconf 81' lang='lat' dir='ltr'><strong>expressa</strong></span> <span class='ocrx_word' id='word_1_47' title='bbox 471 968 626 1032; x_wconf 90' lang='lat' dir='ltr'><strong>habentur</strong></span> <span class='ocrx_word' id='word_1_48' title='bbox 651 970 681 1030; x_wconf 95' lang='lat' dir='ltr'><strong>in</strong></span> <span class='ocrx_word' id='word_1_49' title='bbox 704 968 833 1031; x_wconf 87' lang='lat' dir='ltr'><strong>denario</strong></span> <span class='ocrx_word' id='word_1_50' title='bbox 854 976 1010 1052; x_wconf 84' lang='lat' dir='ltr'><strong>argenteo</strong></span> <span class='ocrx_word' id='word_1_51' title='bbox 1038 971 1189 1049; x_wconf 79' lang='lat' dir='ltr'><strong>Augusto</strong></span> <span class='ocrx_word' id='word_1_52' title='bbox 1225 978 1380 1050; x_wconf 81' lang='lat' dir='ltr'><strong>regnante</strong></span> 
     </span>
     <span class='ocr_line' id='line_1_8' title="bbox 134 1075 1379 1159; baseline -0.002 -17"><span class='ocrx_word' id='word_1_53' title='bbox 134 1097 225 1156; x_wconf 88' lang='lat' dir='ltr'><strong>cuso,</strong></span> <span class='ocrx_word' id='word_1_54' title='bbox 245 1078 277 1140; x_wconf 91' lang='lat' dir='ltr'><strong>in</strong></span> <span class='ocrx_word' id='word_1_55' title='bbox 293 1097 353 1159; x_wconf 91' lang='lat' dir='ltr'><strong>quo</strong></span> <span class='ocrx_word' id='word_1_56' title='bbox 364 1076 488 1138; x_wconf 84' lang='lat' dir='ltr'><strong>medius</strong></span> <span class='ocrx_word' id='word_1_57' title='bbox 499 1079 696 1158; x_wconf 79' lang='lat' dir='ltr'><strong>conspicitur</strong></span> <span class='ocrx_word' id='word_1_58' title='bbox 713 1075 849 1136; x_wconf 86' lang='lat' dir='ltr'><strong>flaminis</strong></span> <span class='ocrx_word' id='word_1_59' title='bbox 867 1094 962 1157; x_wconf 87' lang='lat' dir='ltr'><strong>apex,</strong></span> <span class='ocrx_word' id='word_1_60' title='bbox 973 1078 1151 1159; x_wconf 88' lang='lat' dir='ltr'><strong>verbaque:</strong></span> <span class='ocrx_word' id='word_1_61' title='bbox 1168 1079 1203 1139; x_wconf 89' lang='lat' dir='ltr'><strong>P.</strong></span> <span class='ocrx_word' id='word_1_62' title='bbox 1221 1076 1379 1142; x_wconf 84' lang='lat' dir='ltr'><strong>sr0u0.</strong></span> 
     </span>
     <span class='ocr_line' id='line_1_9' title="bbox 130 1168 1379 1268; baseline -0.002 -18"><span class='ocrx_word' id='word_1_63' title='bbox 130 1189 186 1251; x_wconf 89' lang='lat' dir='ltr'><strong>ru.</strong></span> <span class='ocrx_word' id='word_1_64' title='bbox 208 1186 299 1252; x_wconf 77' lang='lat' dir='ltr'><strong>vra</strong></span> <span class='ocrx_word' id='word_1_65' title='bbox 320 1187 351 1247; x_wconf 80' lang='lat' dir='ltr'><strong>rn</strong></span> <span class='ocrx_word' id='word_1_66' title='bbox 371 1187 481 1249; x_wconf 75' lang='lat' dir='ltr'><strong>nrum</strong></span> <span class='ocrx_word' id='word_1_67' title='bbox 503 1185 635 1268; x_wconf 84' lang='lat' dir='ltr'><strong>mythol.</strong></span> <span class='ocrx_word' id='word_1_68' title='bbox 657 1184 740 1249; x_wconf 64' lang='lat' dir='ltr'><strong>eurr.</strong></span> <span class='ocrx_word' id='word_1_69' title='bbox 762 1184 841 1245; x_wconf 71' lang='lat' dir='ltr'><strong>ran</strong></span> <span class='ocrx_word' id='word_1_70' title='bbox 865 1168 1056 1251; x_wconf 85' lang='lat' dir='ltr'><strong>xxxvrrr.</strong></span> <span class='ocrx_word' id='word_1_71' title='bbox 1077 1207 1106 1246; x_wconf 81' lang='lat' dir='ltr'><strong>n.</strong></span> <span class='ocrx_word' id='word_1_72' title='bbox 1133 1187 1213 1268; x_wconf 63' lang='lat' dir='ltr'><strong>tro„</strong></span> <span class='ocrx_word' id='word_1_73' title='bbox 1236 1187 1285 1248; x_wconf 83' lang='lat' dir='ltr'><strong>unr</strong></span> <span class='ocrx_word' id='word_1_74' title='bbox 1305 1188 1379 1249; x_wconf 73' lang='lat' dir='ltr'><strong>rau-</strong></span> 
     </span>
     <span class='ocr_line' id='line_1_10' title="bbox 132 1277 1378 1376; baseline 0 -18"><span class='ocrx_word' id='word_1_75' title='bbox 132 1295 225 1358; x_wconf 86' lang='lat' dir='ltr'><strong>datur</strong></span> <span class='ocrx_word' id='word_1_76' title='bbox 238 1277 355 1356; x_wconf 71' lang='lat' dir='ltr'><strong>Fortia</strong></span> <span class='ocrx_word' id='word_1_77' title='bbox 376 1293 518 1354; x_wconf 80' lang='lat' dir='ltr'><strong>Histoire</strong></span> <span class='ocrx_word' id='word_1_78' title='bbox 540 1293 599 1354; x_wconf 90' lang='lat' dir='ltr'><strong>des</strong></span> <span class='ocrx_word' id='word_1_79' title='bbox 623 1291 750 1355; x_wconf 79' lang='lat' dir='ltr'><strong>Saliene</strong></span> <span class='ocrx_word' id='word_1_80' title='bbox 774 1311 804 1372; x_wconf 86' lang='lat' dir='ltr'><strong>p.</strong></span> <span class='ocrx_word' id='word_1_81' title='bbox 830 1289 912 1366; x_wconf 65' lang='lat'><strong>1735</strong></span> <span class='ocrx_word' id='word_1_82' title='bbox 935 1310 1027 1372; x_wconf 90' lang='lat' dir='ltr'><strong>porro</strong></span> <span class='ocrx_word' id='word_1_83' title='bbox 1049 1292 1079 1353; x_wconf 88' lang='lat' dir='ltr'><strong>ln</strong></span> <span class='ocrx_word' id='word_1_84' title='bbox 1101 1297 1378 1376; x_wconf 77' lang='lat' dir='ltr'><strong>gemmal&#39;toren-</strong></span> 
     </span>
     <span class='ocr_line' id='line_1_11' title="bbox 131 1397 1378 1476; baseline 0.001 -10"><span class='ocrx_word' id='word_1_85' title='bbox 131 1406 193 1466; x_wconf 88' lang='lat' dir='ltr'><strong>tina</strong></span> <span class='ocrx_word' id='word_1_86' title='bbox 218 1402 249 1464; x_wconf 91' lang='lat' dir='ltr'><strong>in</strong></span> <span class='ocrx_word' id='word_1_87' title='bbox 270 1401 372 1464; x_wconf 84' lang='lat' dir='ltr'><strong>Reale</strong></span> <span class='ocrx_word' id='word_1_88' title='bbox 393 1399 533 1463; x_wconf 84' lang='lat' dir='ltr'><strong>Galleria</strong></span> <span class='ocrx_word' id='word_1_89' title='bbox 555 1399 586 1460; x_wconf 92' lang='lat' dir='ltr'><strong>di</strong></span> <span class='ocrx_word' id='word_1_90' title='bbox 609 1400 756 1462; x_wconf 77' lang='lat' dir='ltr'><strong>Fireuze.</strong></span> <span class='ocrx_word' id='word_1_91' title='bbox 780 1397 932 1461; x_wconf 85' lang='lat' dir='ltr'><strong>Commei.</strong></span> <span class='ocrx_word' id='word_1_92' title='bbox 954 1399 1034 1466; x_wconf 80' lang='lat' dir='ltr'><strong>Tab.</strong></span> <span class='ocrx_word' id='word_1_93' title='bbox 1053 1401 1142 1463; x_wconf 86' lang='lat' dir='ltr'><strong>XXl.</strong></span> <span class='ocrx_word' id='word_1_94' title='bbox 1156 1422 1202 1466; x_wconf 84' lang='lat' dir='ltr'><strong>nr.</strong></span> <span class='ocrx_word' id='word_1_95' title='bbox 1219 1404 1245 1466; x_wconf 89' lang='grc' dir='ltr'><strong>Ι.</strong></span> <span class='ocrx_word' id='word_1_96' title='bbox 1258 1406 1378 1476; x_wconf 82' lang='lat' dir='ltr'><strong>(Millin</strong></span> 
     </span>
     <span class='ocr_line' id='line_1_12' title="bbox 133 1508 639 1593; baseline -0.01 -19"><span class='ocrx_word' id='word_1_97' title='bbox 133 1512 211 1574; x_wconf 82' lang='lat' dir='ltr'><strong>&#39;l&#39;ab</strong></span> <span class='ocrx_word' id='word_1_98' title='bbox 232 1510 423 1573; x_wconf 81' lang='lat' dir='ltr'><strong>XXXVIII.</strong></span> <span class='ocrx_word' id='word_1_99' title='bbox 446 1528 492 1574; x_wconf 85' lang='lat' dir='ltr'><strong>nr.</strong></span> <span class='ocrx_word' id='word_1_100' title='bbox 516 1508 615 1583; x_wconf 60' lang='lat'><strong>148).</strong></span> <span class='ocrx_word' id='word_1_101' title='bbox 637 1588 639 1593; x_wconf 23' lang='grc' dir='ltr'>Ι</span> 
     </span>
    </p>
   </div>
   <div class='ocr_carea' id='block_1_4' title="bbox 443 1760 1063 1992">
    <p class='ocr_par' dir='ltr' id='par_1_5' title="bbox 443 1760 1063 1992">
     <span class='ocr_line' id='line_1_13' title="bbox 703 1760 816 1851; baseline -0.009 -22"><span class='ocrx_word' id='word_1_102' title='bbox 703 1760 737 1851; x_wconf 69' lang='lat' dir='ltr'><strong>p.</strong></span> <span class='ocrx_word' id='word_1_103' title='bbox 763 1764 816 1829; x_wconf 81' lang='lat' dir='ltr'><strong>aa</strong></span> 
     </span>
     <span class='ocr_line' id='line_1_14' title="bbox 443 1923 1063 1992; baseline 0.003 -16"><span class='ocrx_word' id='word_1_104' title='bbox 443 1923 502 1977; x_wconf 78' lang='lat' dir='ltr'><strong>nc</strong></span> <span class='ocrx_word' id='word_1_105' title='bbox 519 1925 649 1991; x_wconf 66' lang='lat' dir='ltr'><strong>galea,</strong></span> <span class='ocrx_word' id='word_1_106' title='bbox 668 1926 831 1980; x_wconf 75' lang='lat' dir='ltr'><strong>cassida</strong></span> <span class='ocrx_word' id='word_1_107' title='bbox 849 1927 890 1980; x_wconf 82' lang='lat' dir='ltr'><strong>et</strong></span> <span class='ocrx_word' id='word_1_108' title='bbox 907 1926 1063 1992; x_wconf 66' lang='lat' dir='ltr'><strong>galero.</strong></span> 
     </span>
    </p>
   </div>
   <div class='ocr_carea' id='block_1_5' title="bbox 127 2094 1379 3289">
    <p class='ocr_par' dir='ltr' id='par_1_6' title="bbox 127 2094 1379 3289">
     <span class='ocr_line' id='line_1_15' title="bbox 213 2094 1379 2196; baseline 0.008 -28"><span class='ocrx_word' id='word_1_109' title='bbox 213 2105 309 2190; x_wconf 81' lang='lat' dir='ltr'><strong>Apud</strong></span> <span class='ocrx_word' id='word_1_110' title='bbox 328 2106 503 2172; x_wconf 84' lang='lat' dir='ltr'><strong>Homerum</strong></span> <span class='ocrx_word' id='word_1_111' title='bbox 525 2094 622 2196; x_wconf 73' lang='grc' dir='ltr'><strong><em>κόρυς</em></strong></span> <span class='ocrx_word' id='word_1_112' title='bbox 643 2121 675 2174; x_wconf 90' lang='lat' dir='ltr'><strong>et</strong></span> <span class='ocrx_word' id='word_1_113' title='bbox 697 2105 789 2196; x_wconf 83' lang='grc' dir='ltr'><em>κυνέη</em></span> <span class='ocrx_word' id='word_1_114' title='bbox 811 2109 856 2173; x_wconf 84' lang='lat' dir='ltr'><strong>ita</strong></span> <span class='ocrx_word' id='word_1_115' title='bbox 882 2110 1029 2175; x_wconf 85' lang='lat' dir='ltr'><strong>videntur</strong></span> <span class='ocrx_word' id='word_1_116' title='bbox 1051 2111 1197 2193; x_wconf 83' lang='lat' dir='ltr'><strong>differre,</strong></span> <span class='ocrx_word' id='word_1_117' title='bbox 1232 2120 1268 2176; x_wconf 91' lang='lat' dir='ltr'><strong>ut</strong></span> <span class='ocrx_word' id='word_1_118' title='bbox 1295 2114 1379 2196; x_wconf 84' lang='lat' dir='ltr'><strong>prior</strong></span> 
     </span>
     <span class='ocr_line' id='line_1_16' title="bbox 131 2214 1379 2302; baseline 0.005 -24"><span class='ocrx_word' id='word_1_119' title='bbox 131 2214 245 2296; x_wconf 87' lang='lat' dir='ltr'><strong>eapitis</strong></span> <span class='ocrx_word' id='word_1_120' title='bbox 265 2223 480 2300; x_wconf 85' lang='lat' dir='ltr'><strong>tegumentum</strong></span> <span class='ocrx_word' id='word_1_121' title='bbox 502 2238 544 2280; x_wconf 87' lang='lat' dir='ltr'><strong>ex</strong></span> <span class='ocrx_word' id='word_1_122' title='bbox 565 2238 640 2281; x_wconf 91' lang='lat' dir='ltr'><strong>aere</strong></span> <span class='ocrx_word' id='word_1_123' title='bbox 661 2220 842 2282; x_wconf 85' lang='lat' dir='ltr'><strong>consectum</strong></span> <span class='ocrx_word' id='word_1_124' title='bbox 871 2221 973 2284; x_wconf 86' lang='lat' dir='ltr'><strong>maius</strong></span> <span class='ocrx_word' id='word_1_125' title='bbox 1005 2231 1100 2302; x_wconf 89' lang='lat' dir='ltr'><strong>atque</strong></span> <span class='ocrx_word' id='word_1_126' title='bbox 1128 2223 1285 2298; x_wconf 86' lang='lat' dir='ltr'><strong>ornatius,</strong></span> <span class='ocrx_word' id='word_1_127' title='bbox 1315 2241 1379 2302; x_wconf 92' lang='lat' dir='ltr'><strong>po·</strong></span> 
     </span>
     <span class='ocr_line' id='line_1_17' title="bbox 130 2324 1376 2412; baseline 0.004 -25"><span class='ocrx_word' id='word_1_128' title='bbox 130 2326 246 2389; x_wconf 89' lang='lat' dir='ltr'><strong>sterior</strong></span> <span class='ocrx_word' id='word_1_129' title='bbox 273 2324 314 2386; x_wconf 91' lang='lat' dir='ltr'><strong>de</strong></span> <span class='ocrx_word' id='word_1_130' title='bbox 342 2325 424 2406; x_wconf 90' lang='lat' dir='ltr'><strong>pelle</strong></span> <span class='ocrx_word' id='word_1_131' title='bbox 452 2326 554 2388; x_wconf 86' lang='lat' dir='ltr'><strong>minus</strong></span> <span class='ocrx_word' id='word_1_132' title='bbox 584 2326 721 2389; x_wconf 87' lang='lat' dir='ltr'><strong>solidum</strong></span> <span class='ocrx_word' id='word_1_133' title='bbox 751 2329 923 2411; x_wconf 83' lang='lat' dir='ltr'><strong>significet.</strong></span> <span class='ocrx_word' id='word_1_134' title='bbox 975 2330 1085 2392; x_wconf 81' lang='lat' dir='ltr'><strong>Simile</strong></span> <span class='ocrx_word' id='word_1_135' title='bbox 1113 2328 1262 2411; x_wconf 86' lang='lat' dir='ltr'><strong>quiddam</strong></span> <span class='ocrx_word' id='word_1_136' title='bbox 1291 2328 1376 2412; x_wconf 91' lang='lat' dir='ltr'><strong>apud</strong></span> 
     </span>
     <span class='ocr_line' id='line_1_18' title="bbox 131 2430 1378 2517; baseline 0.002 -22"><span class='ocrx_word' id='word_1_137' title='bbox 131 2432 307 2516; x_wconf 80' lang='lat' dir='ltr'><strong>Vergilium</strong></span> <span class='ocrx_word' id='word_1_138' title='bbox 338 2441 388 2494; x_wconf 91' lang='lat' dir='ltr'><strong>est</strong></span> <span class='ocrx_word' id='word_1_139' title='bbox 415 2431 667 2508; x_wconf 88' lang='lat' dir='ltr'><strong>observandum,</strong></span> <span class='ocrx_word' id='word_1_140' title='bbox 702 2433 786 2514; x_wconf 90' lang='lat' dir='ltr'><strong>quod</strong></span> <span class='ocrx_word' id='word_1_141' title='bbox 815 2435 867 2514; x_wconf 90' lang='lat' dir='ltr'><strong>qui</strong></span> <span class='ocrx_word' id='word_1_142' title='bbox 888 2453 908 2494; x_wconf 93' lang='lat' dir='ltr'><strong>e</strong></span> <span class='ocrx_word' id='word_1_143' title='bbox 932 2430 1060 2497; x_wconf 87' lang='lat' dir='ltr'><strong>Graeca</strong></span> <span class='ocrx_word' id='word_1_144' title='bbox 1082 2433 1285 2517; x_wconf 82' lang='lat' dir='ltr'><strong>antiquitate,</strong></span> <span class='ocrx_word' id='word_1_145' title='bbox 1315 2455 1378 2497; x_wconf 92' lang='lat' dir='ltr'><strong>non</strong></span> 
     </span>
     <span class='ocr_line' id='line_1_19' title="bbox 130 2539 1375 2626; baseline 0.001 -22"><span class='ocrx_word' id='word_1_146' title='bbox 130 2560 172 2604; x_wconf 87' lang='lat' dir='ltr'><strong>ex</strong></span> <span class='ocrx_word' id='word_1_147' title='bbox 194 2544 275 2603; x_wconf 92' lang='lat' dir='ltr'><strong>vivo</strong></span> <span class='ocrx_word' id='word_1_148' title='bbox 290 2559 392 2600; x_wconf 90' lang='lat' dir='ltr'><strong>rerum</strong></span> <span class='ocrx_word' id='word_1_149' title='bbox 406 2539 585 2601; x_wconf 88' lang='lat' dir='ltr'><strong>militarium</strong></span> <span class='ocrx_word' id='word_1_150' title='bbox 602 2550 737 2621; x_wconf 86' lang='lat' dir='ltr'><strong>aspectu</strong></span> <span class='ocrx_word' id='word_1_151' title='bbox 754 2539 933 2623; x_wconf 89' lang='lat' dir='ltr'><strong>quotidiano</strong></span> <span class='ocrx_word' id='word_1_152' title='bbox 950 2540 1112 2604; x_wconf 82' lang='lat' dir='ltr'><strong>deducere</strong></span> <span class='ocrx_word' id='word_1_153' title='bbox 1127 2542 1216 2619; x_wconf 90' lang='lat' dir='ltr'><strong>velit,</strong></span> <span class='ocrx_word' id='word_1_154' title='bbox 1238 2562 1375 2626; x_wconf 84' lang='lat' dir='ltr'><strong>maguae</strong></span> 
     </span>
     <span class='ocr_line' id='line_1_20' title="bbox 128 2648 1379 2734; baseline 0.001 -21"><span class='ocrx_word' id='word_1_155' title='bbox 128 2652 245 2713; x_wconf 88' lang='lat' dir='ltr'><strong>mentis</strong></span> <span class='ocrx_word' id='word_1_156' title='bbox 266 2649 392 2729; x_wconf 86' lang='lat' dir='ltr'><strong>inopiae</strong></span> <span class='ocrx_word' id='word_1_157' title='bbox 416 2649 570 2710; x_wconf 85' lang='lat' dir='ltr'><strong>incusarit</strong></span> <span class='ocrx_word' id='word_1_158' title='bbox 589 2657 727 2729; x_wconf 87' lang='lat' dir='ltr'><strong>poetam.</strong></span> <span class='ocrx_word' id='word_1_159' title='bbox 760 2648 920 2711; x_wconf 85' lang='lat' dir='ltr'><strong>Differunt</strong></span> <span class='ocrx_word' id='word_1_160' title='bbox 941 2651 1035 2726; x_wconf 86' lang='lat' dir='ltr'><strong>euim,</strong></span> <span class='ocrx_word' id='word_1_161' title='bbox 1057 2651 1116 2713; x_wconf 86' lang='lat' dir='ltr'><strong>nisi</strong></span> <span class='ocrx_word' id='word_1_162' title='bbox 1133 2651 1234 2734; x_wconf 82' lang='lat' dir='ltr'><strong>sartor,</strong></span> <span class='ocrx_word' id='word_1_163' title='bbox 1257 2653 1379 2734; x_wconf 83' lang='lat' dir='ltr'><strong>galea</strong></span> 
     </span>
     <span class='ocr_line' id='line_1_21' title="bbox 132 2753 1379 2845; baseline -0.002 -24"><span class='ocrx_word' id='word_1_164' title='bbox 132 2769 166 2823; x_wconf 89' lang='lat' dir='ltr'><strong>et</strong></span> <span class='ocrx_word' id='word_1_165' title='bbox 184 2760 354 2845; x_wconf 85' lang='lat' dir='ltr'><strong>galerus</strong></span> <span class='ocrx_word' id='word_1_166' title='bbox 375 2753 488 2816; x_wconf 88' lang='lat' dir='ltr'><strong>eadem</strong></span> <span class='ocrx_word' id='word_1_167' title='bbox 510 2755 719 2835; x_wconf 84' lang='lat' dir='ltr'><strong>proportione.</strong></span> <span class='ocrx_word' id='word_1_168' title='bbox 750 2753 854 2818; x_wconf 86' lang='lat' dir='ltr'><strong>Galea</strong></span> <span class='ocrx_word' id='word_1_169' title='bbox 876 2760 1013 2818; x_wconf 89' lang='lat' dir='ltr'><strong>erectior</strong></span> <span class='ocrx_word' id='word_1_170' title='bbox 1035 2767 1086 2818; x_wconf 87' lang='lat' dir='ltr'><strong>est</strong></span> <span class='ocrx_word' id='word_1_171' title='bbox 1108 2765 1141 2818; x_wconf 91' lang='lat' dir='ltr'><strong>et</strong></span> <span class='ocrx_word' id='word_1_172' title='bbox 1163 2757 1292 2838; x_wconf 83' lang='lat' dir='ltr'><strong>firmior,</strong></span> <span class='ocrx_word' id='word_1_173' title='bbox 1314 2776 1379 2839; x_wconf 85' lang='lat' dir='ltr'><strong>ga-</strong></span> 
     </span>
     <span class='ocr_line' id='line_1_22' title="bbox 127 2862 1377 2950; baseline -0.002 -19"><span class='ocrx_word' id='word_1_174' title='bbox 127 2869 215 2931; x_wconf 85' lang='lat' dir='ltr'><strong>lerus</strong></span> <span class='ocrx_word' id='word_1_175' title='bbox 244 2864 425 2948; x_wconf 88' lang='lat' dir='ltr'><strong>depressior</strong></span> <span class='ocrx_word' id='word_1_176' title='bbox 453 2865 620 2943; x_wconf 88' lang='lat' dir='ltr'><strong>minusque</strong></span> <span class='ocrx_word' id='word_1_177' title='bbox 659 2863 804 2926; x_wconf 77' lang='lat' dir='ltr'><strong>decorus·</strong></span> <span class='ocrx_word' id='word_1_178' title='bbox 859 2862 962 2927; x_wconf 86' lang='lat' dir='ltr'><strong>Galea</strong></span> <span class='ocrx_word' id='word_1_179' title='bbox 997 2872 1049 2927; x_wconf 88' lang='lat' dir='ltr'><strong>est</strong></span> <span class='ocrx_word' id='word_1_180' title='bbox 1084 2866 1151 2927; x_wconf 81' lang='lat' dir='ltr'><strong>olto</strong></span> <span class='ocrx_word' id='word_1_181' title='bbox 1178 2864 1263 2948; x_wconf 83' lang='lat' dir='ltr'><strong>Vll,</strong></span> <span class='ocrx_word' id='word_1_182' title='bbox 1293 2865 1377 2950; x_wconf 64' lang='lat'><strong>7857</strong></span> 
     </span>
     <span class='ocr_line' id='line_1_23' title="bbox 130 2969 1378 3057; baseline -0.001 -18"><span class='ocrx_word' id='word_1_183' title='bbox 130 2991 226 3039; x_wconf 82' lang='lat' dir='ltr'><strong>cereo</strong></span> <span class='ocrx_word' id='word_1_184' title='bbox 247 2976 290 3053; x_wconf 84' lang='lat' dir='ltr'><strong>X,</strong></span> <span class='ocrx_word' id='word_1_185' title='bbox 316 2971 403 3053; x_wconf 59' lang='lat'><strong>836„</strong></span> <span class='ocrx_word' id='word_1_186' title='bbox 433 2992 532 3033; x_wconf 84' lang='lat' dir='ltr'><strong>aureo</strong></span> <span class='ocrx_word' id='word_1_187' title='bbox 553 2973 614 3049; x_wconf 84' lang='lat' dir='ltr'><strong>lx,</strong></span> <span class='ocrx_word' id='word_1_188' title='bbox 636 2972 701 3054; x_wconf 63' lang='lat'><strong>50„</strong></span> <span class='ocrx_word' id='word_1_189' title='bbox 728 2974 881 3051; x_wconf 73' lang='lat' dir='ltr'><strong>Arqolr&#39;cc</strong></span> <span class='ocrx_word' id='word_1_190' title='bbox 902 2973 944 3050; x_wconf 90' lang='lat' dir='ltr'><strong>V,</strong></span> <span class='ocrx_word' id='word_1_191' title='bbox 967 2969 1051 3055; x_wconf 65' lang='lat'><strong>314„</strong></span> <span class='ocrx_word' id='word_1_192' title='bbox 1081 2974 1295 3057; x_wconf 88' lang='lat' dir='ltr'><strong>heroibusque</strong></span> <span class='ocrx_word' id='word_1_193' title='bbox 1317 2976 1378 3038; x_wconf 89' lang='lat' dir='ltr'><strong>tri-</strong></span> 
     </span>
     <span class='ocr_line' id='line_1_24' title="bbox 129 3076 1374 3163; baseline 0 -17"><span class='ocrx_word' id='word_1_194' title='bbox 129 3084 237 3146; x_wconf 84' lang='lat' dir='ltr'><strong>buitur</strong></span> <span class='ocrx_word' id='word_1_195' title='bbox 265 3078 392 3143; x_wconf 87' lang='lat' dir='ltr'><strong>virtutis</strong></span> <span class='ocrx_word' id='word_1_196' title='bbox 421 3076 515 3139; x_wconf 91' lang='lat' dir='ltr'><strong>laude</strong></span> <span class='ocrx_word' id='word_1_197' title='bbox 546 3079 789 3159; x_wconf 81' lang='lat' dir='ltr'><strong>probatissimis.</strong></span> <span class='ocrx_word' id='word_1_198' title='bbox 841 3079 981 3159; x_wconf 85' lang='lat' dir='ltr'><strong>Quorum</strong></span> <span class='ocrx_word' id='word_1_199' title='bbox 1007 3081 1123 3163; x_wconf 79' lang='lat' dir='ltr'><strong>galeae</strong></span> <span class='ocrx_word' id='word_1_200' title='bbox 1151 3091 1185 3144; x_wconf 93' lang='lat' dir='ltr'><strong>ut</strong></span> <span class='ocrx_word' id='word_1_201' title='bbox 1217 3082 1374 3146; x_wconf 88' lang='lat' dir='ltr'><strong>terribiles</strong></span> 
     </span>
     <span class='ocr_line' id='line_1_25' title="bbox 129 3187 1376 3289; baseline 0.002 -35"><span class='ocrx_word' id='word_1_202' title='bbox 129 3193 235 3289; x_wconf 81' lang='lat' dir='ltr'><strong>magis</strong></span> <span class='ocrx_word' id='word_1_203' title='bbox 255 3187 426 3251; x_wconf 88' lang='lat' dir='ltr'><strong>reddantur</strong></span> <span class='ocrx_word' id='word_1_204' title='bbox 449 3187 703 3270; x_wconf 89' lang='lat' dir='ltr'><strong>horridioresque</strong></span> <span class='ocrx_word' id='word_1_205' title='bbox 723 3190 848 3271; x_wconf 78' lang='lat' dir='ltr'><strong>intuitu,</strong></span> <span class='ocrx_word' id='word_1_206' title='bbox 873 3194 1023 3253; x_wconf 86' lang='lat' dir='ltr'><strong>cristae</strong></span> <span class='ocrx_word' id='word_1_207' title='bbox 1036 3189 1207 3272; x_wconf 82' lang='lat' dir='ltr'><strong>adduntur,</strong></span> <span class='ocrx_word' id='word_1_208' title='bbox 1229 3211 1311 3272; x_wconf 85' lang='lat' dir='ltr'><strong>quae</strong></span> <span class='ocrx_word' id='word_1_209' title='bbox 1334 3212 1376 3256; x_wconf 88' lang='lat' dir='ltr'><strong>ex</strong></span> 
     </span>
    </p>
   </div>
   <div class='ocr_carea' id='block_1_6' title="bbox 128 3296 1479 3380">
    <p class='ocr_par' dir='ltr' id='par_1_7' title="bbox 128 3296 1479 3380">
     <span class='ocr_line' id='line_1_26' title="bbox 128 3296 1479 3380; baseline -0.001 -18"><span class='ocrx_word' id='word_1_210' title='bbox 128 3317 231 3362; x_wconf 90' lang='lat' dir='ltr'><strong>cono</strong></span> <span class='ocrx_word' id='word_1_211' title='bbox 267 3307 470 3380; x_wconf 86' lang='lat' dir='ltr'><strong>emergentes</strong></span> <span class='ocrx_word' id='word_1_212' title='bbox 507 3315 695 3378; x_wconf 87' lang='lat' dir='ltr'><strong>unaquaque</strong></span> <span class='ocrx_word' id='word_1_213' title='bbox 732 3296 848 3376; x_wconf 89' lang='lat' dir='ltr'><strong>capitis</strong></span> <span class='ocrx_word' id='word_1_214' title='bbox 890 3299 1101 3360; x_wconf 88' lang='lat' dir='ltr'><strong>commotione</strong></span> <span class='ocrx_word' id='word_1_215' title='bbox 1141 3303 1371 3362; x_wconf 86' lang='lat' dir='ltr'><strong>concutiuntur.</strong></span> <span class='ocrx_word' id='word_1_216' title='bbox 1478 3311 1479 3315; x_wconf 77' lang='grc'>’</span> 
     </span>
    </p>
   </div>
   <div class='ocr_carea' id='block_1_7' title="bbox 128 3405 1146 3593">
    <p class='ocr_par' dir='ltr' id='par_1_8' title="bbox 128 3405 1146 3593">
     <span class='ocr_line' id='line_1_27' title="bbox 128 3405 728 3482; baseline -0.012 -9"><span class='ocrx_word' id='word_1_217' title='bbox 128 3409 273 3473; x_wconf 85' lang='lat' dir='ltr'><strong>Helenus</strong></span> <span class='ocrx_word' id='word_1_218' title='bbox 297 3409 429 3468; x_wconf 85' lang='lat' dir='ltr'><strong>Aeneae</strong></span> <span class='ocrx_word' id='word_1_219' title='bbox 450 3405 548 3466; x_wconf 87' lang='lat' dir='ltr'><strong>donat</strong></span> <span class='ocrx_word' id='word_1_220' title='bbox 571 3407 627 3482; x_wconf 90' lang='grc' dir='ltr'><strong>ΙΙΙ,</strong></span> <span class='ocrx_word' id='word_1_221' title='bbox 649 3405 728 3468; x_wconf 75' lang='lat'><strong>468:</strong></span> 
     </span>
     <span class='ocr_line' id='line_1_28' title="bbox 212 3513 1146 3593; baseline -0.004 -16"><span class='ocrx_word' id='word_1_222' title='bbox 212 3517 261 3579; x_wconf 79' lang='lat' dir='ltr'><strong>Et</strong></span> <span class='ocrx_word' id='word_1_223' title='bbox 280 3533 421 3576; x_wconf 81' lang='lat' dir='ltr'><strong>conum</strong></span> <span class='ocrx_word' id='word_1_224' title='bbox 441 3516 578 3589; x_wconf 73' lang='lat' dir='ltr'><strong>insiprtis</strong></span> <span class='ocrx_word' id='word_1_225' title='bbox 596 3513 709 3589; x_wconf 78' lang='lat' dir='ltr'><strong>palene</strong></span> <span class='ocrx_word' id='word_1_226' title='bbox 730 3517 959 3593; x_wconf 79' lang='lat' dir='ltr'><strong>cristaeque</strong></span> <span class='ocrx_word' id='word_1_227' title='bbox 980 3518 1146 3574; x_wconf 80' lang='lat' dir='ltr'><strong>comantia.</strong></span> 
     </span>
    </p>
   </div>
   <div class='ocr_carea' id='block_1_8' title="bbox 129 3641 1376 3938">
    <p class='ocr_par' dir='ltr' id='par_1_9' title="bbox 129 3641 1376 3938">
     <span class='ocr_line' id='line_1_29' title="bbox 129 3641 1376 3727; baseline 0.001 -16"><span class='ocrx_word' id='word_1_228' title='bbox 129 3648 262 3713; x_wconf 80' lang='lat' dir='ltr'><strong>Aeneas</strong></span> <span class='ocrx_word' id='word_1_229' title='bbox 280 3649 352 3727; x_wconf 91' lang='lat' dir='ltr'><strong>ipse</strong></span> <span class='ocrx_word' id='word_1_230' title='bbox 373 3646 475 3725; x_wconf 86' lang='lat' dir='ltr'><strong>Vlll,</strong></span> <span class='ocrx_word' id='word_1_231' title='bbox 506 3642 580 3705; x_wconf 74' lang='lat'><strong>620.</strong></span> <span class='ocrx_word' id='word_1_232' title='bbox 601 3661 623 3704; x_wconf 85' lang='lat' dir='ltr'><strong>a</strong></span> <span class='ocrx_word' id='word_1_233' title='bbox 643 3641 790 3706; x_wconf 88' lang='lat' dir='ltr'><strong>Vulcano</strong></span> <span class='ocrx_word' id='word_1_234' title='bbox 812 3643 966 3719; x_wconf 85' lang='lat' dir='ltr'><strong>effictam,</strong></span> <span class='ocrx_word' id='word_1_235' title='bbox 996 3663 1017 3707; x_wconf 88' lang='lat' dir='ltr'><strong>a</strong></span> <span class='ocrx_word' id='word_1_236' title='bbox 1039 3652 1141 3708; x_wconf 87' lang='lat' dir='ltr'><strong>matre</strong></span> <span class='ocrx_word' id='word_1_237' title='bbox 1159 3644 1292 3712; x_wconf 86' lang='lat' dir='ltr'><strong>missam</strong></span> <span class='ocrx_word' id='word_1_238' title='bbox 1314 3649 1376 3712; x_wconf 86' lang='lat' dir='ltr'><strong>mi·</strong></span> 
     </span>
     <span class='ocr_line' id='line_1_30' title="bbox 131 3763 237 3841; baseline -0.019 -22"><span class='ocrx_word' id='word_1_239' title='bbox 131 3763 237 3841; x_wconf 82' lang='lat' dir='ltr'><strong>ratur:</strong></span> 
     </span>
     <span class='ocr_line' id='line_1_31' title="bbox 218 3859 1141 3938; baseline -0.003 -13"><span class='ocrx_word' id='word_1_240' title='bbox 218 3862 397 3925; x_wconf 76' lang='lat' dir='ltr'><strong>Terribilem</strong></span> <span class='ocrx_word' id='word_1_241' title='bbox 418 3863 565 3921; x_wconf 79' lang='lat' dir='ltr'><strong>cristis</strong></span> <span class='ocrx_word' id='word_1_242' title='bbox 584 3859 712 3936; x_wconf 75' lang='lat' dir='ltr'><strong>poleam</strong></span> <span class='ocrx_word' id='word_1_243' title='bbox 729 3861 939 3938; x_wconf 68' lang='lat' dir='ltr'><strong>flammasque</strong></span> <span class='ocrx_word' id='word_1_244' title='bbox 960 3865 1141 3922; x_wconf 79' lang='lat' dir='ltr'><strong>comentem.</strong></span> 
     </span>
    </p>
   </div>
   <div class='ocr_carea' id='block_1_9' title="bbox 129 3981 1139 4172">
    <p class='ocr_par' dir='ltr' id='par_1_10' title="bbox 129 3981 1139 4172">
     <span class='ocr_line' id='line_1_32' title="bbox 129 3981 777 4064; baseline -0.011 -14"><span class='ocrx_word' id='word_1_245' title='bbox 129 3984 317 4050; x_wconf 64' lang='lat' dir='ltr'><strong>Mezentius</strong></span> <span class='ocrx_word' id='word_1_246' title='bbox 337 3982 398 4045; x_wconf 86' lang='lat' dir='ltr'><strong>ruit</strong></span> <span class='ocrx_word' id='word_1_247' title='bbox 418 3983 448 4043; x_wconf 89' lang='lat' dir='ltr'><strong>iu</strong></span> <span class='ocrx_word' id='word_1_248' title='bbox 469 3998 608 4064; x_wconf 81' lang='lat' dir='ltr'><strong>pugnam</strong></span> <span class='ocrx_word' id='word_1_249' title='bbox 630 3984 672 4058; x_wconf 86' lang='lat' dir='ltr'><strong>X,</strong></span> <span class='ocrx_word' id='word_1_250' title='bbox 692 3981 777 4043; x_wconf 78' lang='lat'><strong>869:</strong></span> 
     </span>
     <span class='ocr_line' id='line_1_33' title="bbox 213 4089 1139 4172; baseline 0.004 -21"><span class='ocrx_word' id='word_1_251' title='bbox 213 4089 299 4151; x_wconf 83' lang='lat' dir='ltr'><strong>Aere</strong></span> <span class='ocrx_word' id='word_1_252' title='bbox 321 4098 420 4168; x_wconf 82' lang='lat' dir='ltr'><strong>caput</strong></span> <span class='ocrx_word' id='word_1_253' title='bbox 434 4092 568 4170; x_wconf 76' lang='lat' dir='ltr'><strong>[alpem</strong></span> <span class='ocrx_word' id='word_1_254' title='bbox 589 4096 789 4170; x_wconf 81' lang='lat' dir='ltr'><strong>cristaque</strong></span> <span class='ocrx_word' id='word_1_255' title='bbox 812 4090 960 4152; x_wconf 80' lang='lat' dir='ltr'><strong>birsutue</strong></span> <span class='ocrx_word' id='word_1_256' title='bbox 982 4097 1139 4172; x_wconf 78' lang='lat' dir='ltr'><strong>equino.</strong></span> 
     </span>
    </p>
   </div>
   <div class='ocr_carea' id='block_1_10' title="bbox 130 4207 1371 4410">
    <p class='ocr_par' dir='ltr' id='par_1_11' title="bbox 130 4207 1371 4410">
     <span class='ocr_line' id='line_1_34' title="bbox 131 4207 1371 4308; baseline 0.002 -23"><span class='ocrx_word' id='word_1_257' title='bbox 131 4222 290 4302; x_wconf 78' lang='lat' dir='ltr'><strong>Quoniam</strong></span> <span class='ocrx_word' id='word_1_258' title='bbox 311 4240 390 4284; x_wconf 90' lang='lat' dir='ltr'><strong>vero</strong></span> <span class='ocrx_word' id='word_1_259' title='bbox 411 4223 450 4283; x_wconf 88' lang='lat' dir='ltr'><strong>ab</strong></span> <span class='ocrx_word' id='word_1_260' title='bbox 472 4240 624 4303; x_wconf 87' lang='lat' dir='ltr'><strong>equorum</strong></span> <span class='ocrx_word' id='word_1_261' title='bbox 652 4238 744 4282; x_wconf 88' lang='lat' dir='ltr'><strong>coma</strong></span> <span class='ocrx_word' id='word_1_262' title='bbox 772 4221 804 4282; x_wconf 92' lang='lat' dir='ltr'><strong>hi</strong></span> <span class='ocrx_word' id='word_1_263' title='bbox 829 4207 928 4305; x_wconf 81' lang='grc' dir='ltr'><strong><em>λόφοι</em></strong></span> <span class='ocrx_word' id='word_1_264' title='bbox 957 4221 1188 4305; x_wconf 87' lang='lat' dir='ltr'><strong>decerpuntur,</strong></span> <span class='ocrx_word' id='word_1_265' title='bbox 1217 4233 1371 4308; x_wconf 89' lang='lat' dir='ltr'><strong>perpetuo</strong></span> 
     </span>
     <span class='ocr_line' id='line_1_35' title="bbox 130 4327 1081 4410; baseline 0 -18"><span class='ocrx_word' id='word_1_266' title='bbox 130 4330 199 4393; x_wconf 81' lang='lat' dir='ltr'><strong>iere</strong></span> <span class='ocrx_word' id='word_1_267' title='bbox 221 4327 360 4409; x_wconf 90' lang='lat' dir='ltr'><strong>epitheto</strong></span> <span class='ocrx_word' id='word_1_268' title='bbox 381 4328 556 4390; x_wconf 89' lang='lat' dir='ltr'><strong>rubentium</strong></span> <span class='ocrx_word' id='word_1_269' title='bbox 578 4335 733 4388; x_wconf 87' lang='lat' dir='ltr'><strong>notantur.</strong></span> <span class='ocrx_word' id='word_1_270' title='bbox 775 4328 918 4397; x_wconf 80' lang='lat' dir='ltr'><strong>Turnum</strong></span> <span class='ocrx_word' id='word_1_271' title='bbox 939 4328 999 4410; x_wconf 79' lang='grc' dir='ltr'><strong>ΙΙΙ,</strong></span> <span class='ocrx_word' id='word_1_272' title='bbox 1020 4329 1081 4392; x_wconf 78' lang='lat'><strong>50:</strong></span> 
     </span>
    </p>
   </div>
   <div class='ocr_carea' id='block_1_11' title="bbox 545 4435 1244 4515">
    <p class='ocr_par' dir='ltr' id='par_1_12' title="bbox 545 4435 1244 4515">
     <span class='ocr_line' id='line_1_36' title="bbox 545 4435 1244 4515; baseline 0.006 -17"><span class='ocrx_word' id='word_1_273' title='bbox 545 4435 751 4515; x_wconf 77' lang='lat' dir='ltr'><strong>Oriethuc</strong></span> <span class='ocrx_word' id='word_1_274' title='bbox 770 4440 850 4514; x_wconf 69' lang='lat' dir='ltr'><strong>tecit</strong></span> <span class='ocrx_word' id='word_1_275' title='bbox 866 4437 963 4514; x_wconf 71' lang='lat' dir='ltr'><strong>polee</strong></span> <span class='ocrx_word' id='word_1_276' title='bbox 983 4457 1083 4500; x_wconf 79' lang='lat' dir='ltr'><strong>aureo</strong></span> <span class='ocrx_word' id='word_1_277' title='bbox 1102 4439 1244 4505; x_wconf 77' lang='lat' dir='ltr'><strong>rutra.</strong></span> 
     </span>
    </p>
   </div>
   <div class='ocr_carea' id='block_1_12' title="bbox 131 4540 1066 4837">
    <p class='ocr_par' dir='ltr' id='par_1_13' title="bbox 131 4540 1066 4837">
     <span class='ocr_line' id='line_1_37' title="bbox 131 4540 429 4624; baseline -0.007 -17"><span class='ocrx_word' id='word_1_278' title='bbox 131 4543 246 4607; x_wconf 78' lang='lat' dir='ltr'><strong>utem</strong></span> <span class='ocrx_word' id='word_1_279' title='bbox 267 4543 330 4624; x_wconf 82' lang='lat' dir='ltr'><strong>IX,</strong></span> <span class='ocrx_word' id='word_1_280' title='bbox 350 4540 429 4606; x_wconf 64' lang='lat'><strong>732:</strong></span> 
     </span>
     <span class='ocr_line' id='line_1_38' title="bbox 542 4645 1066 4715; baseline 0.004 -5"><span class='ocrx_word' id='word_1_281' title='bbox 542 4645 700 4711; x_wconf 69' lang='lat' dir='ltr'><strong>Fremant</strong></span> <span class='ocrx_word' id='word_1_282' title='bbox 717 4650 753 4711; x_wconf 78' lang='lat' dir='ltr'><strong>io</strong></span> <span class='ocrx_word' id='word_1_283' title='bbox 770 4654 887 4713; x_wconf 68' lang='lat' dir='ltr'><strong>cerum</strong></span> <span class='ocrx_word' id='word_1_284' title='bbox 907 4655 1066 4715; x_wconf 74' lang='lat' dir='ltr'><strong>cristae</strong></span> 
     </span>
     <span class='ocr_line' id='line_1_39' title="bbox 216 4755 493 4837; baseline -0.011 -16"><span class='ocrx_word' id='word_1_285' title='bbox 216 4755 493 4837; x_wconf 61' lang='lat' dir='ltr'><strong>Suessiones</strong></span> 
     </span>
    </p>
   </div>
   <div class='ocr_carea' id='block_1_13' title="bbox 0 0 1516 5234">
    <p class='ocr_par' dir='ltr' id='par_1_14' title="bbox 0 0 1516 5234">
     <span class='ocr_line' id='line_1_40' title="bbox 0 0 1516 5234; baseline 0 0"><span class='ocrx_word' id='word_1_286' title='bbox 0 0 1516 5234; x_wconf 95' lang='lat' dir='ltr'><strong> </strong></span> 
     </span>
    </p>
   </div>
  </div>
 </body>
</html>
