3022 5234
416 256 470 317 De
492 255 689 335 pharetra,
713 257 1098 338 sagittis'arouquo.
1327 262 1369 322 85

129 437 185 516 Xl,
206 437 284 499 648:
820 500 825 515 ‚

206 542 253 604 Ac
270 546 389 605 mediae
411 549 495 608 iater
516 549 629 608 caedes
650 548 796 607 cercillat
815 547 961 608 Amaaoa

211 651 319 712 [laam
338 658 469 711 caserta
488 650 574 712 latae
592 670 730 728 aitqaue,
752 653 1001 728 pharetrata
1022 653 1158 716 Camilla
1180 686 1220 700 -
1241 684 1282 701 ··

209 757 340 819 Aureae
361 779 405 819 ea·
425 778 532 831 amera
553 766 649 820 conat
669 781 767 820 arcae
788 768 820 821 et
838 781 929 821 arma
948 765 1083 826 Dianae.

210 868 275 928 Illa
295 872 389 927 eliam
410 872 441 928 ai
460 870 584 946 quanda
605 872 640 928 ia
660 874 784 945 terpam
803 869 900 945 palea
922 873 1065 950 recessit,

206 974 342 1052 Spicula
363 995 513 1037 caaoerca
531 980 690 1054 sapientia
711 979 821 1053 diripit
841 997 928 1037 arca.

130 1108 263 1170 Omnino
292 1108 389 1189 igitur
417 1108 606 1172 Parthorum
635 1126 722 1169 more
744 1110 892 1190 regerit.
932 1111 1034 1173 Poeta
1064 1110 1184 1192 Georg.
1211 1112 1274 1186 lll,
1298 1110 1369 1174 345.

127 1219 275 1280 Orcssam
300 1217 485 1294 pharetram
510 1215 680 1295 insignium
702 1216 771 1276 siue
792 1215 884 1278 dubio
907 1217 1110 1281 Cretensium
1133 1218 1369 1301 sagittariorum

127 1325 247 1386 ratione
269 1324 384 1395 hahita,
409 1322 701 1403 Spartanarumque
734 1322 966 1404 Tyriarumque
1003 1327 1156 1407 virginum
1187 1327 1368 1407 pharetram

129 1434 210 1496 Aen.
236 1435 266 1506 l,
294 1430 365 1493 318.
386 1428 457 1492 336.
487 1429 613 1496 indicat.
656 1427 775 1490 Cetera
802 1429 970 1510 pharetrae
996 1434 1152 1515 epitheta,
1198 1449 1233 1501 ut
1256 1446 1372 1500 carata

128 1542 194 1622 Xl,
232 1541 326 1620 8511,
355 1540 433 1600 leoic
462 1540 515 1620 V,
543 1538 630 1616 556„
657 1540 793 1619 falacias
823 1541 885 1602 cir.
921 1543 1006 1623 159„
1039 1534 1162 1605 annuas
1197 1547 1262 1626 lX,
1296 1548 1370 1610 660.

128 1650 227 1711 mitto.

206 1781 236 1842 2.
280 1779 478 1862 Sagittae
499 1798 625 1859 quoque
645 1778 685 1839 ab
701 1779 740 1840 iis
758 1779 906 1859 gentibus
922 1765 1132 1861 nominantur,
1157 1802 1238 1864 quae
1260 1804 1370 1850 earum

128 1889 378 1956 fabricandarum
400 1905 440 1948 aa
461 1886 679 1949 mittendarum
707 1897 807 1948 artem
838 1890 974 1950 maxime
1001 1892 1166 1953 callebant
1216 1892 1293 1954 lnde
1326 1896 1369 1974 V,

126 1998 201 2080 ³11,
223 2002 358 2075 sapittae
383 1997 550 2070 Threiciae,
572 1996 663 2079 Vlll,
687 1996 756 2060 166.
797 1998 917 2075 Lyciae
938 2004 1083 2076 sapittae.
1134 1999 1208 2063 Huc
1235 2004 1371 2084 pertinet

129 2106 195 2170 lter.
220 2107 264 2186 X,
287 2106 344 2167 59:

375 2215 469 2275 Libet
488 2215 609 2289 Parilia
630 2221 775 2292 torquere
796 2215 982 2292 Cydonia
1005 2235 1106 2276 carna

211 2324 355 2403 Spicula.

129 2433 277 2516 Cydonia
298 2442 333 2496 ut
354 2430 493 2512 Gnosia,
523 2430 680 2512 Gortynia
705 2438 780 2491 sunt
812 2431 989 2494 Cretensia.
1040 2429 1172 2509 Spicula
1200 2446 1279 2491 vero
1310 2449 1371 2492 aa·

128 2547 241 2627 gittae‚
263 2549 299 2604 ut
319 2540 507 2620 saepissime
528 2538 612 2620 apud
633 2548 782 2602 nostrum.
826 2536 875 2598 Cf.
898 2535 961 2598 Cir.
981 2535 1058 2599 2982

196 2648 367 2712 'Gnosia
388 2649 451 2709 lica
472 2649 594 2709 Partha
614 2647 805 2707 raateacleae
826 2644 988 2720 apicula
1009 2663 1124 2705 corma.

130 2757 210 2837 Vll,
232 2756 303 2818 497.
326 2757 384 2829 IX,
407 2754 479 2818 606.
523 2754 679 2817 Chloreus
699 2754 758 2820 ΧΙ.
779 2753 857 2816 77³:

213 2863 385 2943 Spicula
406 2868 570 2946 torquebat
588 2867 689 2943 Lycia
712 2863 914 2942 Gortynia
935 2882 1044 2924 coraa.

132 2995 162 3054 A
192 2993 299 3057 Nonio
329 2996 432 3078 coryti
469 2995 665 3076 explicantur
692 2995 765 3055 leve
799 2994 918 3055 missile
943 2995 976 3054 in
1009 2991 1135 3053 modum
1172 2997 1370 3072 sagittarum.

133 3102 186 3165 Cf.
208 3102 251 3181 X,
276 3103 350 3165 168:

218 3209 341 3293 (lalpae
361 3216 468 3274 arbem
489 3213 610 3292 liquere
631 3210 742 3282 Oaros,
765 3215 836 3290 qais
857 3211 920 3270 tela
940 3216 1076 3285 eapittae

215 3319 421 3398 Cocytique
441 3317 525 3378 lenes
545 3321 667 3377 ameria
688 3323 719 3376 el
737 3317 842 3395 letifer
864 3335 968 3377 arcas.

133 3453 269 3514 Veneno
291 3451 384 3511 etiam
406 3468 425 3510 a
446 3445 631 3530 quibusdam
645 3448 769 3528 populis
785 3447 924 3528 sagittae
942 3443 1170 3524 inficiebantur,
1191 3442 1267 3524 ΧΗ,
1289 3440 1370 3502 856;

216 3559 292 3619 Noa
313 3578 407 3618 secas
428 3577 467 3616 aa
487 3575 581 3615 aeroo
600 3573 660 3632 per
681 3555 793 3613 nahem
813 3552 943 3631 inpulsa
963 3555 1080 3628 rapitla
1089 3595 1101 3632 ,

217 3668 385 3730 Armatam
405 3666 493 3723 eaeoi
512 3660 700 3723 Parthas
722 3679 816 3738 qaam
833 3658 936 3738 felle
956 3661 1117 3736 aeneai,

217 3772 360 3835 Partlraa
381 3773 447 3829 eive
467 3768 618 3845 Opaca,
647 3764 742 3825 telam
764 3762 982 3824 inmedicabile
1003 3766 1104 3823 tore-il.

134 3896 188 3971 lta
209 3906 304 3969 etiam
323 3906 462 3966 lemarus
482 3919 501 3960 e
524 3897 628 3981 Lydia
649 3899 712 3960 soit
732 3897 776 3977 X,
801 3895 877 3957 140:

546 4007 693 4072 Calamus
715 4026 870 4067 armare
891 4024 1052 4068 oeaeaa.

135 4132 171 4186 et
192 4122 327 4183 ferarum
349 4119 401 4180 ille
422 4124 568 4179 vastator
586 4115 732 4195 Amycus
754 4115 811 4187 lX,
835 4111 914 4176 77³:

780 4220 849 4295 (lau
869 4239 933 4280 aaa
950 4220 1078 4300 felicior
1098 4220 1179 4280 aller

225 4336 415 4412 Uapaere
434 4334 497 4393 tela
516 4348 615 4391 maaa
631 4331 817 4410 ferrumque
837 4347 994 4389 armare
1015 4346 1179 4390 renerio.

218 4468 249 4533 a
288 4469 394 4530 Areus
415 4487 436 4530 a
456 4467 586 4529 materia
607 4474 639 4526 et
655 4481 752 4526 cornu
771 4472 916 4542 vocatur,
939 4470 972 4524 ut
987 4460 1080 4525 modo
1095 4480 1115 4521 e
1131 4459 1254 4521 Parilia
1272 4477 1372 4520 corna
1400 4446 1407 4457 ‘
1439 4451 1440 4456 ’

135 4596 178 4643 aa
198 4577 295 4658 lycia
314 4574 465 4638 vidimus.
507 4573 586 4634 nius
607 4578 716 4633 cetera
737 4570 875 4652 epitheta
895 4577 930 4632 ut
945 4572 1060 4650 fatifer
1079 4567 1137 4648 lX,
1157 4565 1241 4647 631,
1269 4567 1374 4648 letifer

135 4686 181 4764 X,
203 4685 284 4766 lna,
305 4702 424 4745 nareae
435 4681 477 4751 X,
498 4678 582 4760 774,
601 4679 663 4760 XI,
683 4676 767 4758 652,
787 4698 906 4740 careae
920 4677 996 4758 Vll,
1017 4675 1088 4739 49⁷.
1107 4673 1149 4736 ad
1163 4675 1277 4755 poesin
1297 4681 1376 4747 tan-¹

138 4802 206 4858 tum
228 4790 393 4873 pertinent.
440 4788 544 4852 Unum
570 4795 676 4851 tamen
698 4786 801 4850 locum
822 4785 864 4850 ad
885 4803 1003 4849 morem
1023 4802 1132 4848 areum
1153 4781 1300 4847 tendendi
1321 4783 1374 4845 in-
