3022 5234
469 245 525 305 De
548 245 808 324 reipublicae
826 245 968 307 forma.
1310 248 1332 307 5

86 415 148 486 ndo
169 415 313 501 ἐξειπεῖν
335 411 460 484 Ἑλλάδι
481 411 605 506 γλώττῃ
626 413 668 484 ro}
689 412 843 508 ὀνόματα,
865 428 924 489 sed
946 428 1073 491 Numae
1106 431 1200 490 etiam
1222 449 1242 490 a
1265 404 1332 493 Sa}

87 535 160 597 bina
181 531 333 595 videlieet
355 539 453 614 gente
475 531 597 592 oriundi
620 535 723 594 omnia
744 533 878 597 clamant
910 535 1066 618 instituta,
1093 538 1136 599 ita
1159 548 1193 599 ut
1214 558 1234 601 a
1255 559 1331 601 vero

86 663 147 704 non
169 643 354 704 aberremus
375 647 571 719 statuentes,
599 620 775 703 allomulo
799 643 1015 724 Romanisque
1037 662 1124 706 arma
1144 650 1332 729 praesertim

86 770 160 814 esse
182 757 326 812 tractata.
377 747 471 827 Quod
504 753 534 810 si
555 751 618 811 tale
640 748 757 832 duplex
779 760 812 812 ut
833 752 878 814 ita
900 750 1001 814 dieam
1023 762 1214 815 momentum
1236 763 1333 837 atque

86 862 277 944 elementum
300 859 330 919 in
352 866 449 941 gente
471 858 525 920 illa
545 859 758 921 Romanorum
780 860 952 941 antiquitus
973 861 1229 924 eonlusanostra
1245 882 1332 945 quo·¹

87 988 148 1050 que
173 978 280 1030 aetate
307 977 509 1049 agnoverunt
528 989 634 1030 rerum
657 979 824 1052 gestarum
846 967 1063 1049 indagatores,
1083 986 1186 1030 nonne
1206 991 1331 1034 memo-

87 1089 156 1140 ratu
177 1080 307 1161 dignum
336 1092 397 1163 est,
425 1081 526 1163 ipsius
547 1080 683 1161 Vergilii
706 1079 893 1141 testimonio.
920 1077 1015 1139 talem
1039 1075 1248 1140 differentiam
1271 1082 1333 1141 iam

87 1205 161 1248 esse
192 1184 403 1268 adoptatam?
444 1189 572 1250 Etenim
600 1190 730 1250 Aeneas
751 1188 826 1268 xli,
857 1186 926 1248 190.
957 1184 1071 1248 foedus
1092 1194 1277 1267 patraturus
1301 1197 1334 1248 et

88 1297 116 1356 in
137 1297 302 1358 sollemnia
323 1299 422 1359 verba
442 1300 601 1360 iuraturus
623 1298 684 1358 ait:

166 1406 237 1466 Nee
259 1407 338 1467 milli
358 1427 459 1485 reque
477 1416 570 1486 peto;
586 1410 720 1487 poribus
741 1427 776 1466 ee
796 1407 923 1482 leyibuo
948 1407 1056 1465 arabae

167 1515 308 1575 Invictae
325 1523 438 1591 yentee
459 1523 590 1576 aeterno
613 1518 647 1574 in
664 1515 796 1594 foedere
817 1517 951 1572 mittunt.

168 1621 297 1684 Sacro
318 1627 455 1706 deosque
477 1627 574 1703 daim·
596 1644 687 1684 eoeer
708 1643 816 1683 orma
836 1622 975 1683 Latinus
1003 1621 1128 1695 habeto,

169 1730 333 1806 inperium
353 1733 504 1793 sollemne
523 1751 624 1798 aoeer.

173 1836 280 1901 Etiam
302 1840 343 1919 11,
365 1837 438 1900 293.
460 1839 558 1902 'l'roia
577 1840 708 1901 Aeneae
728 1857 820 1900 saure
841 1855 982 1917 suosque
1001 1837 1142 1899 Penates
1169 1850 1335 1897 oommerr-

89 1943 156 2025 dal,
187 1952 284 2027 atquo
314 1947 416 2008 omnis
448 1946 514 2008 iere
543 1945 696 2008 Aeneidis
730 1947 863 2007 materia
891 1947 922 2006 in
944 1944 1005 2006 diis
1027 1942 1335 2026 religionibusquee

88 2052 233 2135 Phrygia
264 2053 387 2114 ltaliam
424 2052 672 2115 transvehendis
702 2063 845 2132 onustat3
879 2071 1033 2133 nusquam
1059 2071 1153 2127 vero,
1185 2059 1334 2133 quantum

88 2157 167 2240 seio,
199 2157 272 2219 talis
298 2177 403 2220 rerum
433 2157 607 2221 divinarum
637 2167 669 2220 et
699 2159 875 2221 militarium
899 2159 1013 2220 divisio
1035 2168 1100 2222 tam
1125 2158 1262 2222 dilucide
1284 2169 1336 2222 est

89 2283 254 2345 expressa.
296 2266 431 2327 Latinus
453 2267 535 2329 enim
557 2285 644 2329 armo
666 2276 774 2329 teneto
796 2277 828 2328 et
849 2269 1003 2330 sollemne
1020 2268 1243 2351 imperium.
1264 2270 1335 2330 hu-

89 2389 159 2434 eem
187 2371 291 2434 adfert
312 2373 424 2434 Livias
447 2375 474 2453 1,
499 2375 547 2437 13.
570 2375 610 2436 de
635 2375 824 2438 Sabinorum
848 2376 1127 2457 Romanorumque
1155 2378 1332 2439 coniuncti-

91 2500 150 2541 one
174 2500 316 2547 narrans.
346 2479 457 2541 elude
479 2480 519 2542 ad
543 2480 657 2543 foedus
678 2480 859 2542 faciendum
882 2481 979 2543 duces
1001 2482 1170 2562 prodeunt,
1194 2504 1254 2546 nee
1273 2504 1335 2567 pa-

90 2607 157 2649 oem
181 2590 287 2670 modo,
312 2588 371 2651 sed
393 2601 426 2652 et
445 2591 608 2652 civitatem
624 2608 718 2652 unam
741 2610 783 2652 ox
805 2590 928 2651 duabus
950 2592 1079 2671 faciunt,
1101 2612 1232 2675 regnum
1254 2612 1335 2654 eon-

90 2700 234 2783 sooiant,
257 2700 469 2781 imperium
492 2718 583 2762 omne
604 2700 770 2762 conferunt
791 2700 956 2762 Romame

172 2826 318 2906 Aequale
339 2824 399 2886 sod
419 2825 524 2886 multis
546 2833 651 2887 tamen
674 2826 845 2888 rationibus
869 2826 1029 2888 diversum
1048 2836 1099 2888 est
1120 2829 1211 2912 regui
1225 2831 1334 2893 l'uuioi

91 2948 130 2993 ae
152 2932 281 2993 'l'roiani
302 2935 494 2995 consortium
516 2934 649 2996 Didonis
672 2936 868 3017 Aeneaeque
890 2936 1045 2997 connubio
1068 2937 1237 3014 inceptum.
1268 2939 1334 3000 lam

90 3042 183 3102 Anna
212 3041 272 3121 Ν,
300 3042 349 3104 ll.
381 3052 490 3124 sperat
510 3043 590 3122 fore,
623 3053 658 3105 ut
689 3045 885 3104 'l'eucrorum
916 3046 1011 3105 armis
1033 3045 1156 3105 Punica
1177 3062 1214 3105 se
1234 3044 1335 3124 gloria

91 3150 223 3212 attollat.
265 3153 343 3213 luno
366 3154 425 3229 IV,
447 3152 518 3214 102.
540 3173 610 3214 oum
633 3152 762 3214 Venere
783 3153 969 3215 altercatur:

174 3258 378 3322 Communem
398 3259 485 3319 leuno
507 3279 582 3335 erqo
602 3259 755 3336 populum
775 3261 969 3343 putidaeque
990 3279 1139 3336 reyemue

83 3344 87 3377 ἶ
172 3364 357 3443 Auspiciia5
377 3365 474 3425 liceat
493 3366 636 3444 Pltryyio
658 3371 778 3424 servire
800 3370 924 3447 merito,

172 3472 359 3552 Deteliaque
381 3479 454 3532 tuae
479 3473 590 3548 Tyrios
609 3477 791 3549 peranittere
812 3475 954 3532 deoelrrre.

92 3582 241 3658 (pambus
263 3584 429 3671 argentoilo,
452 3589 486 3640 ut
507 3580 583 3661 Vll,
605 3579 693 3653 256.)
716 3582 765 3641 oui
790 3580 899 3641 Venus
920 3579 1093 3660 respondet
1116 3584 1177 3663 lv,
1204 3584 1280 3643 llll:

173 3689 241 3750 sed
255 3692 336 3768 futla
358 3694 481 3749 incerta
499 3691 598 3770 seror,
623 3692 654 3748 si
673 3689 817 3766 Iuppiter
838 3707 935 3749 unam

174 3800 261 3858 Eeee
282 3798 359 3858 velit
383 3798 487 3876 Tyriis
507 3799 616 3857 erdem
642 3795 797 3875 Troiaque
815 3800 971 3875 profectio

173 3905 349 3966 Miscerive
367 3908 480 3983 prodet
496 3906 643 3986 populos,
666 3912 724 3965 eut
741 3908 877 3983 foedera
899 3894 1020 3982 ianoyi.x

92 4011 203 4073 Iarbas
225 4013 283 4093 Ν,
306 4013 378 4074 alr.
420 4011 579 4074 Didonem
601 4015 754 4094 increpat,
778 4011 861 4093 quod

304 4125 307 4131 '
380 4122 538 4180 dominum
560 4118 694 4180 Aenean
714 4123 748 4178 ie
769 4139 870 4195 reone
891 4126 1018 4198 recepit.

91 4231 162 4310 ipsa
182 4227 318 4307 deniquo
343 4226 426 4287 Dido
448 4227 594 4289 Aeneam
617 4226 675 4301 Ν,
696 4223 776 4287 37³:

174 4337 345 4415 Nusquam
366 4341 435 4394 teto
451 4336 541 4413 fides.
583 4333 732 4394 Eiectum
753 4334 856 4414 litore,
878 4341 1020 4409 eqentem

130 4486 134 4491 -
174 4445 306 4522 Recepi
325 4449 356 4502 et
376 4447 469 4518 reym'
489 4445 619 4504 domena
639 4446 673 4501 in
690 4449 783 4520 perte
807 4442 917 4503 locavi.

90 4552 222 4615 Revera
247 4556 354 4612 autem
376 4546 459 4607 haee
490 4548 631 4609 societas
653 4566 715 4608 non
738 4549 796 4645 rite
818 4558 963 4629 peraeta,
997 4551 1259 4631 quemadmodum
1290 4553 1341 4615 illa

89 4659 184 4721 etiam
213 4657 295 4719 inter
329 4656 474 4717 Aeneam
505 4655 723 4739 Acestemquo
754 4658 912 4720 amieitiae
943 4660 1046 4740 magis
1068 4667 1101 4719 et
1121 4656 1258 4720 foederis
1281 4677 1342 4717 no·

88 4767 172 4829 mine
202 4782 298 4845 quam
326 4764 417 4848 regui
444 4764 608 4828 societatis
631 4775 680 4828 est
709 4766 1013 4846 comprehendenda.
1057 4764 1088 4825 ld
1112 4765 1206 4847 igitur
1221 4769 1341 4845 teneto,
