3022 5234
586 243 645 304 Ile
668 237 946 306 divinatione.¹

234 425 363 488 Proluit
380 416 507 495 ineano’
518 433 730 507 contorquens
750 429 867 488 oertlae
887 427 987 488 siloas

235 530 422 596 Flauiorum
444 555 507 596 rea
527 534 695 597 Eridanus
712 511 906 615 eampoaque
923 555 984 613 per
1002 539 1106 597 omnis

237 639 318 702 (bam
338 642 476 703 stabulis
496 649 640 703 armenta
660 638 742 703 tulit.

152 743 204 806 Cl.
227 746 301 815 Liv.
323 749 435 832 XXX,
456 747 511 812 383
539 752 651 833 „luter
675 768 759 832 quae
782 748 959 831 [prodigia]
984 748 1080 812 etiam
1100 767 1254 829 aquarum
1273 751 1399 816 insolita

150 855 332 936 magnitudo
352 860 385 918 in
407 858 588 939 religionem
611 877 727 938 versa3
742 878 824 928 ,nam
845 859 888 921 ita
910 858 1085 922 abundavit
1107 859 1248 936 Tiberis,
1280 866 1314 920 ut
1333 858 1398 921 ludi

149 960 352 1040 Apollinares
374 965 459 1025 oneo
481 963 632 1025 inundato
653 972 744 1026 extra
765 973 887 1044 portam
910 963 1066 1026 Collinam
1087 963 1130 1026 ad
1147 963 1262 1027 aedom
1276 965 1396 1046 Eryci-

148 1089 211 1132 nae
233 1071 371 1133 Veneris
392 1077 494 1153 parati
515 1075 607 1137 sint.“
641 1075 697 1136 lul.
722 1072 842 1152 Obseq.
863 1072 922 1136 673
947 1071 1076 1148 „Padus
1098 1067 1299 1137 inundavit.“
1337 1073 1397 1135 ln·

150 1178 273 1240 tendum
299 1181 394 1241 etiam
416 1177 590 1263 Georgl,
615 1179 695 1244 4793

401 1286 531 1350 Siotunt
551 1306 661 1348 amnes
682 1294 847 1365 terraeque
869 1286 1046 1347 dehiseunt.

152 1394 224 1460 Liv.
248 1394 396 1470 XXXII,
419 1395 458 1457 93
479 1396 604 1474 „Terra
623 1394 756 1456 Velitris
776 1395 867 1455 trium
890 1396 1035 1474 iugerum
1056 1393 1163 1474 spatio
1186 1411 1325 1482 caverna
1343 1393 1397 1457 in·

150 1502 239 1587 genti
260 1499 464 1567 desederat.“
487 1501 553 1563 Cic.
575 1501 671 1562 divin.
692 1502 717 1576 l,
736 1497 792 1562 433
813 1501 1066 1577 ‚,Delata.etiam
1088 1500 1129 1562 ad
1148 1501 1395 1565 senatumlabes
1504 1587 1506 1593 Ι

149 1612 219 1696 agri
240 1612 455 1688 Privernatis,
486 1629 582 1692 quum
610 1606 652 1672 ad
674 1609 825 1671 infinitam
855 1608 1051 1670 altitudinem
1072 1617 1157 1672 terra
1178 1606 1393 1672 desedisset.“

147 1720 270 1782 Verum
292 1736 330 1780 ea
357 1736 497 1800 qnoque,
529 1735 612 1798 qnae
644 1725 790 1779 eterrae
811 1718 880 1778 solo
900 1715 1047 1777 seiuncta
1069 1723 1176 1788 eraut,
1209 1715 1240 1777 in
1261 1716 1395 1798 religio-

147 1846 220 1889 nem
241 1827 456 1888 vertebantur.
499 1822 622 1906 Georg.
642 1827 669 1895 1,
694 1825 772 1890 4763

239 1937 312 1996 Vae·
333 1955 456 2015 qnoque
473 1956 533 2014 per
553 1937 644 1997 luaoo
663 1935 754 2012 aolqo
776 1934 931 2021 eaaudita
950 1931 1077 1992 silentia

232 2044 363 2121 Inqene.

148 2162 180 2213 et
201 2149 241 2213 de
262 2149 394 2214 Didonis
415 2169 523 2213 amore
543 2157 659 2232 nuptae
679 2147 797 2229 templo
820 2148 899 2209 Aen.
921 2145 981 2227 IV,
1005 2145 1084 2210 457:

231 2261 317 2321 Hine
337 2263 488 2322 eaaurliri
507 2280 599 2320 voees
620 2266 655 2320 et
672 2259 766 2319 aerbo
787 2263 930 2319 vorantis
957 2294 960 2307 ·

236 2368 316 2427 Visa
334 2369 404 2444 atri,
427 2384 496 2426 noco
517 2386 589 2427 erem
610 2372 716 2426 terrae
738 2366 873 2427 obseura
895 2371 1024 2430 teneret.

145 2473 219 2536 Liv.
242 2475 279 2555 Ι,
299 2471 356 2536 313
399 2472 491 2535 nVisi
512 2473 606 2534 etiam
630 2472 731 2534 audiri
752 2489 868 2534 voeem
890 2473 1051 2552 ingentem
1084 2490 1125 2533 ex
1156 2472 1269 2534 summi
1290 2491 1391 2536 euon-

146 2581 239 2644 minis
258 2581 350 2657 luen,
373 2588 408 2641 ut
430 2579 532 2668 patrio
553 2581 616 2640 ritu
637 2596 732 2641 saara
753 2579 868 2641 Albani
890 2579 1062 2640 facerent«
1105 2577 1171 2657 Vl,
1192 2577 1250 2642 383
1293 2581 1393 2644 nVox

146 2689 304 2752 horrenda
335 2689 421 2752 edita
455 2690 572 2771 templo
609 2687 742 2768 [matris
773 2687 945 2768 Matutae]
960 2730 963 2735 -
980 2705 1053 2751 enm
1090 2690 1234 2752 tristibus
1269 2690 1391 2754 minis«

147 2795 271 2881 Georg.
293 2799 326 2875 Ι,
347 2796 428 2861 4773

310 2907 359 2967 Et
377 2907 551 2968 simulacra
570 2907 671 2966 alodio
690 2905 847 2983 pallentia
866 2909 958 2967 mirre
1020 2972 1022 2982 ,

239 3015 318 3076 Visa
337 3017 396 3076 sub
420 3015 590 3076 obscurum
611 3017 724 3074 nocua.

146 3122 244 3184 'l'ules
265 3123 391 3204 speeies
412 3122 573 3184 hominum
601 3125 695 3184 visae
715 3122 747 3183 in
768 3120 900 3184 historia
921 3122 1172 3206 uuinseniusque
1193 3124 1298 3206 populi
1320 3138 1394 3191 sunt

144 3229 427 3312 frequentissimae.
463 3229 513 3292 ct.
530 3231 586 3291 lul.
604 3229 722 3311 Obseq.
738 3228 782 3290 50
808 3226 849 3290 de
863 3247 946 3291 anno
962 3231 1004 3293 V.
1021 3231 1059 3308 C.
1077 3230 1220 3294 ncnxe
1244 3232 1393 3295 „naem-

144 3336 185 3398 lis
207 3340 323 3420 ingens
345 3336 511 3399 multitudo
533 3340 615 3399 inter
636 3338 806 3418 sepulchra
828 3338 952 3421 lugubri
974 3347 1069 3401 veste
1097 3339 1255 3420 pallida
1286 3339 1393 3403 faeie

144 3444 280 3508 interdiu
300 3445 462 3507 ambulare
483 3449 641 3528 gregatim
663 3443 771 3508 visa.“
794 3446 862 3510 Sed
886 3446 994 3509 ltaliae
1013 3450 1118 3528 magis
1138 3449 1289 3528 antiquae
1310 3466 1389 3527 pro-

145 3554 247 3636 prium
276 3561 346 3634 est,
378 3552 462 3636 quod
491 3549 614 3635 Georg.
635 3553 667 3630 1,
701 3551 778 3614 4783
812 3556 1014 3634 poenalesque
1034 3554 1176 3635 locutae,
1207 3556 1391 3634 Infandum.

146 3660 304 3741 Quotiens
326 3662 440 3724 Livius
461 3669 568 3723 narrat
588 3659 650 3722 illis
672 3660 761 3736 loeis,
783 3660 927 3740 quisine
949 3660 1042 3722 dnbio
1064 3681 1106 3723 ex
1129 3662 1292 3726 annalibus
1309 3683 1392 3745 pou·
1488 3716 1498 3745 ,

144 3767 266 3831 tifioum
288 3768 396 3853 hausti
417 3776 502 3849 suut,
524 3767 641 3829 bovem
662 3765 810 3829 feminam
832 3768 886 3828 vel
906 3785 1025 3830 marein
1039 3769 1176 3832 loentum
1193 3788 1283 3852 esso,
1305 3789 1390 3852 quo-

142 3875 227 3937 tiens
247 3875 344 3938 lulius
366 3870 582 3958 Obsequensl
623 3876 723 3938 Porro
746 3875 889 3940 Caesare
909 3881 1071 3940 exstineto
1093 3875 1216 3964 Georg.
1238 3880 1275 3962 1,
1308 3882 1388 3944 4863

226 3983 294 4045 Per
315 3991 435 4047 noetern
455 4004 607 4047 resonare
627 3987 712 4064 lunio
731 3985 932 4048 ululantibus
952 3988 1058 4049 nrbes.

143 4113 218 4178 floe
238 4115 414 4197 prodigium
436 4113 520 4196 apud
543 4115 670 4177 lrivium
692 4116 896 4197 frequentius.
924 4115 976 4178 cf.
998 4117 1056 4180 lul.
1078 4113 1197 4198 Obseq.
1217 4117 1276 4182 483
1298 4118 1391 4195 „Iiu-

124 4239 206 4303 pus
228 4222 336 4285 urbem
357 4222 524 4306 ingressus
546 4223 576 4284 in
606 4220 698 4286 domo
727 4222 852 4305 privata
881 4222 1046 4287 oooisus.“
1071 4224 1130 4289 613
1150 4224 1262 4308 „Lupi
1282 4224 1390 4288 urbem

141 4323 317 4411 ingressi.“
361 4330 396 4404 1,
418 4327 494 4391 4703

229 4434 455 4516 Olseenaeqae
475 4456 573 4499 eaneo
591 4441 843 4519 inportunaeque
865 4440 1011 4501 ootuores

122 4569 127 4579 ·
196 4572 200 4579 ·
226 4540 493 4622 Siqnadalont·
800 4582 811 4619 2

141 4652 193 4714 De
228 4651 381 4732 prioribus
415 4651 457 4714 ad
491 4670 605 4715 annum
642 4653 684 4716 V.
718 4652 756 4717 C.
787 4653 923 4722 DCXC.
955 4661 1063 4718 narrat
1094 4653 1156 4717 Iul..
1185 4652 1302 4735 Obsaq.
1330 4653 1387 4719 62:

140 4760 321 4847 „Nnmnrni
342 4759 482 4822 ululatus
501 4760 622 4823 flebiles
644 4779 759 4826 nanum
782 4759 916 4825 auditi.“
941 4761 983 4825 ad
1003 4779 1121 4824 annum
1137 4758 1285 4825 nccut,
1301 4761 1387 4826 idem
