<?xml version="1.0" encoding="UTF-8"?>
<!DOCTYPE html PUBLIC "-//W3C//DTD XHTML 1.0 Transitional//EN"
    "http://www.w3.org/TR/xhtml1/DTD/xhtml1-transitional.dtd">
<html xmlns="http://www.w3.org/1999/xhtml" xml:lang="en" lang="en">
 <head>
  <title>
</title>
<meta http-equiv="Content-Type" content="text/html;charset=utf-8" />
  <meta name='ocr-system' content='tesseract 3.04.00' />
  <meta name='ocr-capabilities' content='ocr_page ocr_carea ocr_par ocr_line ocrx_word'/>
</head>
<body>
  <div class='ocr_page' id='page_1' title='image "./antiquitatesver00lersgoog_0091.png"; bbox 0 0 3022 5234; ppageno 0'>
   <div class='ocr_carea' id='block_1_1' title="bbox 169 56 189 99">
    <p class='ocr_par' dir='ltr' id='par_1_1' title="bbox 169 56 189 99">
     <span class='ocr_line' id='line_1_1' title="bbox 169 56 189 99; baseline 0 0"><span class='ocrx_word' id='word_1_1' title='bbox 169 56 189 99; x_wconf 71' lang='lat' dir='ltr'><strong>tt</strong></span> 
     </span>
    </p>
   </div>
   <div class='ocr_carea' id='block_1_2' title="bbox 182 237 1036 325">
    <p class='ocr_par' dir='ltr' id='par_1_2' title="bbox 182 237 1036 325">
     <span class='ocr_line' id='line_1_2' title="bbox 182 237 1036 325; baseline 0.011 -25"><span class='ocrx_word' id='word_1_2' title='bbox 182 237 225 300; x_wconf 77' lang='lat' dir='ltr'><strong>to</strong></span> <span class='ocrx_word' id='word_1_3' title='bbox 583 243 1036 325; x_wconf 82' lang='lat' dir='ltr'><strong>llaooraaaoperone.</strong></span> 
     </span>
    </p>
   </div>
   <div class='ocr_carea' id='block_1_3' title="bbox 180 418 1431 1371">
    <p class='ocr_par' dir='ltr' id='par_1_3' title="bbox 180 418 1431 1024">
     <span class='ocr_line' id='line_1_3' title="bbox 180 418 1429 505; baseline 0.01 -23"><span class='ocrx_word' id='word_1_4' title='bbox 180 418 201 483; x_wconf 79' lang='lat' dir='ltr'><strong>i.</strong></span> <span class='ocrx_word' id='word_1_5' title='bbox 229 439 257 485; x_wconf 86' lang='lat' dir='ltr'><strong>a.</strong></span> <span class='ocrx_word' id='word_1_6' title='bbox 283 427 336 502; x_wconf 91' lang='lat' dir='ltr'><strong>qui</strong></span> <span class='ocrx_word' id='word_1_7' title='bbox 362 425 524 488; x_wconf 88' lang='lat' dir='ltr'><strong>sinistrum</strong></span> <span class='ocrx_word' id='word_1_8' title='bbox 558 423 672 504; x_wconf 91' lang='lat' dir='ltr'><strong>pedem</strong></span> <span class='ocrx_word' id='word_1_9' title='bbox 708 423 845 504; x_wconf 87' lang='lat' dir='ltr'><strong>nudum,</strong></span> <span class='ocrx_word' id='word_1_10' title='bbox 883 423 1068 487; x_wconf 86' lang='lat' dir='ltr'><strong>dextrum</strong></span> <span class='ocrx_word' id='word_1_11' title='bbox 1098 444 1217 505; x_wconf 85' lang='lat' dir='ltr'><strong>perone</strong></span> <span class='ocrx_word' id='word_1_12' title='bbox 1247 431 1299 491; x_wconf 87' lang='lat' dir='ltr'><strong>vel</strong></span> <span class='ocrx_word' id='word_1_13' title='bbox 1329 450 1429 496; x_wconf 81' lang='lat' dir='ltr'><strong>ocrea</strong></span> 
     </span>
     <span class='ocr_line' id='line_1_4' title="bbox 183 533 1431 629; baseline 0.007 -38"><span class='ocrx_word' id='word_1_14' title='bbox 183 533 335 595; x_wconf 88' lang='lat' dir='ltr'><strong>vestitum</strong></span> <span class='ocrx_word' id='word_1_15' title='bbox 357 545 482 619; x_wconf 84' lang='lat' dir='ltr'><strong>gerunt.</strong></span> <span class='ocrx_word' id='word_1_16' title='bbox 544 536 700 599; x_wconf 85' lang='lat' dir='ltr'><strong>Macrobii</strong></span> <span class='ocrx_word' id='word_1_17' title='bbox 727 554 813 597; x_wconf 89' lang='lat' dir='ltr'><strong>error</strong></span> <span class='ocrx_word' id='word_1_18' title='bbox 840 545 890 597; x_wconf 90' lang='lat' dir='ltr'><strong>est</strong></span> <span class='ocrx_word' id='word_1_19' title='bbox 911 537 1109 599; x_wconf 84' lang='lat' dir='ltr'><strong>adfirmantis</strong></span> <span class='ocrx_word' id='word_1_20' title='bbox 1129 539 1180 620; x_wconf 86' lang='lat' dir='ltr'><strong>V,</strong></span> <span class='ocrx_word' id='word_1_21' title='bbox 1213 537 1431 629; x_wconf 72' lang='lat' dir='ltr'><strong>laschane</strong></span> 
     </span>
     <span class='ocr_line' id='line_1_5' title="bbox 181 643 1428 728; baseline 0.006 -27"><span class='ocrx_word' id='word_1_22' title='bbox 181 658 300 703; x_wconf 87' lang='lat' dir='ltr'><strong>morum</strong></span> <span class='ocrx_word' id='word_1_23' title='bbox 322 646 355 704; x_wconf 93' lang='lat' dir='ltr'><strong>in</strong></span> <span class='ocrx_word' id='word_1_24' title='bbox 377 646 469 706; x_wconf 88' lang='lat' dir='ltr'><strong>ltalia</strong></span> <span class='ocrx_word' id='word_1_25' title='bbox 492 663 645 726; x_wconf 82' lang='lat' dir='ltr'><strong>nusquam</strong></span> <span class='ocrx_word' id='word_1_26' title='bbox 666 643 862 724; x_wconf 86' lang='lat' dir='ltr'><strong>repperisse,</strong></span> <span class='ocrx_word' id='word_1_27' title='bbox 891 643 1052 706; x_wconf 81' lang='lat' dir='ltr'><strong>credentis</strong></span> <span class='ocrx_word' id='word_1_28' title='bbox 1074 644 1207 722; x_wconf 87' lang='lat' dir='ltr'><strong>deinde,</strong></span> <span class='ocrx_word' id='word_1_29' title='bbox 1232 653 1360 728; x_wconf 89' lang='lat' dir='ltr'><strong>poetam</strong></span> <span class='ocrx_word' id='word_1_30' title='bbox 1383 667 1428 709; x_wconf 85' lang='lat' dir='ltr'><strong>ex</strong></span> 
     </span>
     <span class='ocr_line' id='line_1_6' title="bbox 182 749 1430 835; baseline 0.005 -27"><span class='ocrx_word' id='word_1_31' title='bbox 182 749 344 829; x_wconf 75' lang='lat' dir='ltr'><strong>Ettriprdis</strong></span> <span class='ocrx_word' id='word_1_32' title='bbox 372 750 539 833; x_wconf 77' lang='lat' dir='ltr'><strong>Meleagro</strong></span> <span class='ocrx_word' id='word_1_33' title='bbox 565 751 731 827; x_wconf 80' lang='lat' dir='ltr'>hausisse,</span> <span class='ocrx_word' id='word_1_34' title='bbox 760 751 790 812; x_wconf 91' lang='lat' dir='ltr'><strong>in</strong></span> <span class='ocrx_word' id='word_1_35' title='bbox 820 769 881 830; x_wconf 95' lang='lat' dir='ltr'><strong>quo</strong></span> <span class='ocrx_word' id='word_1_36' title='bbox 908 749 992 812; x_wconf 87' lang='lat' dir='ltr'><strong>idem</strong></span> <span class='ocrx_word' id='word_1_37' title='bbox 1014 752 1200 815; x_wconf 78' lang='lat' dir='ltr'><strong>Aetolorum</strong></span> <span class='ocrx_word' id='word_1_38' title='bbox 1227 771 1298 815; x_wconf 86' lang='lat' dir='ltr'><strong>mos</strong></span> <span class='ocrx_word' id='word_1_39' title='bbox 1317 752 1430 835; x_wconf 88' lang='lat' dir='ltr'><strong>perhi-</strong></span> 
     </span>
     <span class='ocr_line' id='line_1_7' title="bbox 184 853 314 919; baseline 0.031 -4"><span class='ocrx_word' id='word_1_40' title='bbox 184 853 314 919; x_wconf 75' lang='lat' dir='ltr'><strong>beaturt</strong></span> 
     </span>
     <span class='ocr_line' id='line_1_8' title="bbox 351 945 1078 1024; baseline -0.004 2"><span class='ocrx_word' id='word_1_41' title='bbox 351 945 354 951; x_wconf 15' lang='grc' dir='ltr'><strong>Δ</strong></span> <span class='ocrx_word' id='word_1_42' title='bbox 817 955 859 1024; x_wconf 81' lang='lat' dir='ltr'><strong>Oi</strong></span> <span class='ocrx_word' id='word_1_43' title='bbox 879 957 917 1024; x_wconf 85' lang='grc' dir='ltr'><strong>δὲ</strong></span> <span class='ocrx_word' id='word_1_44' title='bbox 938 955 1078 1024; x_wconf 77' lang='grc' dir='ltr'><em>Θεστίου</em></span> 
     </span>
    </p>

    <p class='ocr_par' dir='ltr' id='par_1_4' title="bbox 394 1058 1107 1156">
     <span class='ocr_line' id='line_1_9' title="bbox 394 1058 1107 1156; baseline 0 -24"><span class='ocrx_word' id='word_1_45' title='bbox 394 1067 517 1145; x_wconf 77' lang='grc' dir='ltr'><strong><em>παῖδες</em></strong></span> <span class='ocrx_word' id='word_1_46' title='bbox 537 1061 576 1134; x_wconf 79' lang='grc' dir='ltr'><strong>νδ</strong></span> <span class='ocrx_word' id='word_1_47' title='bbox 589 1058 680 1132; x_wconf 72' lang='lat' dir='ltr'><strong>duodo</strong></span> <span class='ocrx_word' id='word_1_48' title='bbox 688 1067 775 1148; x_wconf 79' lang='grc' dir='ltr'><strong><em>ἴχνος</em></strong></span> <span class='ocrx_word' id='word_1_49' title='bbox 794 1059 971 1156; x_wconf 74' lang='grc' dir='ltr'><strong><em>ἅνδρβολοι</em></strong></span> <span class='ocrx_word' id='word_1_50' title='bbox 993 1058 1107 1149; x_wconf 85' lang='grc' dir='ltr'><strong><em>ποδός,</em></strong></span> 
     </span>
    </p>

    <p class='ocr_par' dir='ltr' id='par_1_5' title="bbox 393 1167 1099 1264">
     <span class='ocr_line' id='line_1_10' title="bbox 393 1167 1099 1264; baseline -0.001 -23"><span class='ocrx_word' id='word_1_51' title='bbox 393 1169 500 1241; x_wconf 77' lang='grc' dir='ltr'><strong><em>τόνδ’</em></strong></span> <span class='ocrx_word' id='word_1_52' title='bbox 522 1173 556 1241; x_wconf 80' lang='grc' dir='ltr'><strong>ἐν</strong></span> <span class='ocrx_word' id='word_1_53' title='bbox 576 1173 734 1254; x_wconf 78' lang='grc' dir='ltr'><strong><em>πεδίλοις,</em></strong></span> <span class='ocrx_word' id='word_1_54' title='bbox 755 1167 801 1251; x_wconf 76' lang='grc' dir='ltr'><strong>ὠς</strong></span> <span class='ocrx_word' id='word_1_55' title='bbox 824 1172 1001 1264; x_wconf 75' lang='grc' dir='ltr'><strong><em>ἐλαφρίζον</em></strong></span> <span class='ocrx_word' id='word_1_56' title='bbox 1023 1167 1099 1262; x_wconf 71' lang='grc' dir='ltr'><strong><em>γόνυ</em></strong></span> 
     </span>
    </p>

    <p class='ocr_par' dir='ltr' id='par_1_6' title="bbox 393 1274 1064 1371">
     <span class='ocr_line' id='line_1_11' title="bbox 393 1274 1064 1371; baseline 0.004 -24"><span class='ocrx_word' id='word_1_57' title='bbox 393 1278 506 1365; x_wconf 81' lang='grc' dir='ltr'><strong><em>ἔχοιεν,</em></strong></span> <span class='ocrx_word' id='word_1_58' title='bbox 527 1276 564 1360; x_wconf 86' lang='grc' dir='ltr'><strong>ὀς</strong></span> <span class='ocrx_word' id='word_1_59' title='bbox 584 1274 626 1371; x_wconf 76' lang='grc' dir='ltr'><em>δὴ</em></span> <span class='ocrx_word' id='word_1_60' title='bbox 648 1282 749 1347; x_wconf 81' lang='grc' dir='ltr'><strong><em>πᾶσιν</em></strong></span> <span class='ocrx_word' id='word_1_61' title='bbox 770 1280 936 1361; x_wconf 75' lang='grc' dir='ltr'><strong>Αἰτωλοῖς</strong></span> <span class='ocrx_word' id='word_1_62' title='bbox 955 1276 1064 1368; x_wconf 86' lang='grc' dir='ltr'><strong><em>νόμος.</em></strong></span> 
     </span>
    </p>
   </div>
   <div class='ocr_carea' id='block_1_4' title="bbox 144 1417 1491 4747">
    <p class='ocr_par' dir='ltr' id='par_1_7' title="bbox 144 1417 1491 4747">
     <span class='ocr_line' id='line_1_12' title="bbox 179 1417 1431 1503; baseline -0.001 -18"><span class='ocrx_word' id='word_1_63' title='bbox 179 1425 344 1485; x_wconf 88' lang='lat' dir='ltr'><strong>intricatus</strong></span> <span class='ocrx_word' id='word_1_64' title='bbox 366 1417 502 1501; x_wconf 82' lang='lat' dir='ltr'><strong>deniquo</strong></span> <span class='ocrx_word' id='word_1_65' title='bbox 526 1440 612 1484; x_wconf 87' lang='lat' dir='ltr'><strong>error</strong></span> <span class='ocrx_word' id='word_1_66' title='bbox 632 1420 810 1498; x_wconf 81' lang='lat' dir='ltr'><strong>afficientis,</strong></span> <span class='ocrx_word' id='word_1_67' title='bbox 832 1431 1000 1503; x_wconf 88' lang='lat' dir='ltr'><strong>propterea</strong></span> <span class='ocrx_word' id='word_1_68' title='bbox 1023 1424 1192 1498; x_wconf 87' lang='lat' dir='ltr'><strong>Hernicos,</strong></span> <span class='ocrx_word' id='word_1_69' title='bbox 1221 1425 1352 1502; x_wconf 87' lang='lat' dir='ltr'><strong>quorum</strong></span> <span class='ocrx_word' id='word_1_70' title='bbox 1376 1436 1431 1484; x_wconf 84' lang='lat' dir='ltr'><strong>est</strong></span> 
     </span>
     <span class='ocr_line' id='line_1_13' title="bbox 179 1514 1428 1610; baseline 0.002 -20"><span class='ocrx_word' id='word_1_71' title='bbox 179 1528 348 1610; x_wconf 80' lang='lat' dir='ltr'><strong>Anagnia,</strong></span> <span class='ocrx_word' id='word_1_72' title='bbox 378 1546 399 1590; x_wconf 90' lang='lat' dir='ltr'><strong>a</strong></span> <span class='ocrx_word' id='word_1_73' title='bbox 420 1528 567 1608; x_wconf 84' lang='lat' dir='ltr'><strong>Pelasgia</strong></span> <span class='ocrx_word' id='word_1_74' title='bbox 595 1524 747 1589; x_wconf 89' lang='lat' dir='ltr'><strong>oriundos</strong></span> <span class='ocrx_word' id='word_1_75' title='bbox 773 1527 834 1588; x_wconf 86' lang='lat' dir='ltr'><strong>boe</strong></span> <span class='ocrx_word' id='word_1_76' title='bbox 865 1529 1058 1590; x_wconf 84' lang='lat' dir='ltr'><strong>vestimento</strong></span> <span class='ocrx_word' id='word_1_77' title='bbox 1080 1514 1283 1608; x_wconf 82' lang='lat' dir='ltr'><strong>Aetolorum,</strong></span> <span class='ocrx_word' id='word_1_78' title='bbox 1316 1528 1428 1610; x_wconf 89' lang='lat' dir='ltr'><strong>quiet</strong></span> 
     </span>
     <span class='ocr_line' id='line_1_14' title="bbox 179 1635 1427 1719; baseline 0.001 -19"><span class='ocrx_word' id='word_1_79' title='bbox 179 1639 273 1700; x_wconf 83' lang='lat' dir='ltr'><strong>iidem</strong></span> <span class='ocrx_word' id='word_1_80' title='bbox 295 1636 441 1717; x_wconf 83' lang='lat' dir='ltr'><strong>Pelasgi,</strong></span> <span class='ocrx_word' id='word_1_81' title='bbox 461 1653 480 1695; x_wconf 88' lang='lat' dir='ltr'><strong>a</strong></span> <span class='ocrx_word' id='word_1_82' title='bbox 501 1642 598 1715; x_wconf 88' lang='lat' dir='ltr'><strong>poeta</strong></span> <span class='ocrx_word' id='word_1_83' title='bbox 617 1635 772 1715; x_wconf 89' lang='lat' dir='ltr'><strong>insigniri.</strong></span> <span class='ocrx_word' id='word_1_84' title='bbox 825 1636 905 1696; x_wconf 72' lang='lat' dir='ltr'><strong>Tam</strong></span> <span class='ocrx_word' id='word_1_85' title='bbox 926 1637 1122 1718; x_wconf 83' lang='lat' dir='ltr'><strong>scrupulosis</strong></span> <span class='ocrx_word' id='word_1_86' title='bbox 1146 1637 1347 1719; x_wconf 87' lang='lat' dir='ltr'><strong>spinosisqno</strong></span> <span class='ocrx_word' id='word_1_87' title='bbox 1369 1654 1427 1701; x_wconf 83' lang='lat' dir='ltr'><strong>ra·</strong></span> 
     </span>
     <span class='ocr_line' id='line_1_15' title="bbox 180 1745 1428 1826; baseline -0.003 -14"><span class='ocrx_word' id='word_1_88' title='bbox 180 1750 317 1814; x_wconf 83' lang='lat' dir='ltr'><strong>tionibus</strong></span> <span class='ocrx_word' id='word_1_89' title='bbox 338 1755 370 1809; x_wconf 88' lang='lat' dir='ltr'><strong>et</strong></span> <span class='ocrx_word' id='word_1_90' title='bbox 393 1745 651 1808; x_wconf 81' lang='lat' dir='ltr'><strong>translationibus</strong></span> <span class='ocrx_word' id='word_1_91' title='bbox 672 1764 735 1807; x_wconf 93' lang='lat' dir='ltr'><strong>non</strong></span> <span class='ocrx_word' id='word_1_92' title='bbox 764 1755 893 1807; x_wconf 88' lang='lat' dir='ltr'><strong>utuntur</strong></span> <span class='ocrx_word' id='word_1_93' title='bbox 919 1757 1055 1826; x_wconf 81' lang='lat' dir='ltr'><strong>poetae3</strong></span> <span class='ocrx_word' id='word_1_94' title='bbox 1091 1745 1204 1807; x_wconf 87' lang='lat' dir='ltr'><strong>deinde</strong></span> <span class='ocrx_word' id='word_1_95' title='bbox 1237 1762 1278 1807; x_wconf 86' lang='lat' dir='ltr'><strong>na</strong></span> <span class='ocrx_word' id='word_1_96' title='bbox 1304 1746 1337 1809; x_wconf 91' lang='lat' dir='ltr'><strong>id</strong></span> <span class='ocrx_word' id='word_1_97' title='bbox 1370 1764 1428 1808; x_wconf 91' lang='lat' dir='ltr'><strong>ur-</strong></span> 
     </span>
     <span class='ocr_line' id='line_1_16' title="bbox 179 1848 1427 1941; baseline 0.001 -24"><span class='ocrx_word' id='word_1_98' title='bbox 179 1876 285 1941; x_wconf 86' lang='lat' dir='ltr'><strong>geam,</strong></span> <span class='ocrx_word' id='word_1_99' title='bbox 305 1856 345 1919; x_wconf 92' lang='lat' dir='ltr'><strong>ab</strong></span> <span class='ocrx_word' id='word_1_100' title='bbox 367 1848 668 1935; x_wconf 63' lang='lat' dir='ltr'><strong>scripturientis,</strong></span> <span class='ocrx_word' id='word_1_101' title='bbox 690 1872 710 1916; x_wconf 90' lang='lat' dir='ltr'><strong>a</strong></span> <span class='ocrx_word' id='word_1_102' title='bbox 732 1855 877 1938; x_wconf 89' lang='lat' dir='ltr'><strong>Vergilio</strong></span> <span class='ocrx_word' id='word_1_103' title='bbox 899 1873 1036 1936; x_wconf 84' lang='lat' dir='ltr'><strong>perones</strong></span> <span class='ocrx_word' id='word_1_104' title='bbox 1056 1854 1218 1932; x_wconf 90' lang='lat' dir='ltr'><strong>nominari,</strong></span> <span class='ocrx_word' id='word_1_105' title='bbox 1247 1856 1427 1939; x_wconf 88' lang='lat' dir='ltr'><strong>obloquitur</strong></span> 
     </span>
     <span class='ocr_line' id='line_1_17' title="bbox 179 1960 1424 2045; baseline -0.002 -18"><span class='ocrx_word' id='word_1_106' title='bbox 179 1967 284 2040; x_wconf 86' lang='lat' dir='ltr'><strong>etiam,</strong></span> <span class='ocrx_word' id='word_1_107' title='bbox 307 1981 401 2045; x_wconf 87' lang='lat' dir='ltr'><strong>quem</strong></span> <span class='ocrx_word' id='word_1_108' title='bbox 423 1961 506 2024; x_wconf 87' lang='lat' dir='ltr'><strong>idem</strong></span> <span class='ocrx_word' id='word_1_109' title='bbox 528 1960 712 2022; x_wconf 85' lang='lat' dir='ltr'><strong>Macrobius</strong></span> <span class='ocrx_word' id='word_1_110' title='bbox 733 1980 752 2022; x_wconf 90' lang='lat' dir='ltr'><strong>e</strong></span> <span class='ocrx_word' id='word_1_111' title='bbox 773 1960 936 2023; x_wconf 82' lang='lat' dir='ltr'><strong>recondito</strong></span> <span class='ocrx_word' id='word_1_112' title='bbox 959 1980 1019 2023; x_wconf 90' lang='lat' dir='ltr'><strong>suo</strong></span> <span class='ocrx_word' id='word_1_113' title='bbox 1041 1981 1125 2043; x_wconf 83' lang='lat' dir='ltr'><strong>penu</strong></span> <span class='ocrx_word' id='word_1_114' title='bbox 1144 1962 1236 2024; x_wconf 92' lang='lat' dir='ltr'><strong>nobis</strong></span> <span class='ocrx_word' id='word_1_115' title='bbox 1257 1964 1424 2039; x_wconf 81' lang='lat' dir='ltr'><strong>ministrat,</strong></span> 
     </span>
     <span class='ocr_line' id='line_1_18' title="bbox 181 2061 1424 2158; baseline 0.002 -25"><span class='ocrx_word' id='word_1_116' title='bbox 181 2070 374 2133; x_wconf 84' lang='lat' dir='ltr'><strong>Aristoteles</strong></span> <span class='ocrx_word' id='word_1_117' title='bbox 395 2067 436 2131; x_wconf 90' lang='lat' dir='ltr'><strong>dc</strong></span> <span class='ocrx_word' id='word_1_118' title='bbox 458 2067 560 2150; x_wconf 91' lang='lat' dir='ltr'><strong>poetis</strong></span> <span class='ocrx_word' id='word_1_119' title='bbox 581 2067 742 2132; x_wconf 69' lang='lat' dir='ltr'><strong>secundet</strong></span> <span class='ocrx_word' id='word_1_120' title='bbox 790 2063 873 2143; x_wconf 84' lang='grc' dir='ltr'><strong><em>Τοδς</em></strong></span> <span class='ocrx_word' id='word_1_121' title='bbox 907 2066 945 2134; x_wconf 82' lang='grc' dir='ltr'><strong>δὲ</strong></span> <span class='ocrx_word' id='word_1_122' title='bbox 969 2067 1109 2135; x_wconf 78' lang='grc' dir='ltr'><strong><em>Θεστίου</em></strong></span> <span class='ocrx_word' id='word_1_123' title='bbox 1129 2061 1267 2158; x_wconf 76' lang='grc' dir='ltr'><strong><em>κούρους</em></strong></span> <span class='ocrx_word' id='word_1_124' title='bbox 1285 2062 1343 2135; x_wconf 77' lang='lat' dir='ltr'><strong>eda</strong></span> <span class='ocrx_word' id='word_1_125' title='bbox 1362 2068 1424 2153; x_wconf 76' lang='lat' dir='ltr'><strong>pia</strong></span> 
     </span>
     <span class='ocr_line' id='line_1_19' title="bbox 179 2159 1426 2265; baseline 0.001 -23"><span class='ocrx_word' id='word_1_126' title='bbox 179 2159 351 2264; x_wconf 71' lang='grc' dir='ltr'><strong><em>ἀριστερόν</em></strong></span> <span class='ocrx_word' id='word_1_127' title='bbox 371 2163 460 2238; x_wconf 82' lang='grc' dir='ltr'><strong><em>πόδα</em></strong></span> <span class='ocrx_word' id='word_1_128' title='bbox 480 2168 580 2260; x_wconf 81' lang='grc' dir='ltr'><strong><em>φησὶν</em></strong></span> <span class='ocrx_word' id='word_1_129' title='bbox 600 2163 781 2260; x_wconf 75' lang='grc' dir='ltr'><strong><em>Εὐριπίδης</em></strong></span> <span class='ocrx_word' id='word_1_130' title='bbox 808 2170 920 2238; x_wconf 73' lang='grc' dir='ltr'><strong><em>ἐλθεῖν</em></strong></span> <span class='ocrx_word' id='word_1_131' title='bbox 943 2169 1074 2256; x_wconf 75' lang='grc' dir='ltr'><strong><em>ἔχοντας</em></strong></span> <span class='ocrx_word' id='word_1_132' title='bbox 1099 2159 1307 2242; x_wconf 78' lang='grc' dir='ltr'><strong><em>ἆνυπόδετον·</em></strong></span> <span class='ocrx_word' id='word_1_133' title='bbox 1339 2177 1426 2265; x_wconf 76' lang='grc' dir='ltr'><strong><em>λέγει</em></strong></span> 
     </span>
     <span class='ocr_line' id='line_1_20' title="bbox 179 2272 1427 2371; baseline 0.003 -23"><span class='ocrx_word' id='word_1_134' title='bbox 179 2283 265 2371; x_wconf 72' lang='grc' dir='ltr'><strong><em>γοῦν,</em></strong></span> <span class='ocrx_word' id='word_1_135' title='bbox 285 2274 348 2348; x_wconf 80' lang='grc' dir='ltr'><strong><em>ὅτι·</em></strong></span> <span class='ocrx_word' id='word_1_136' title='bbox 381 2273 427 2347; x_wconf 85' lang='grc' dir='ltr'><strong>Τδ</strong></span> <span class='ocrx_word' id='word_1_137' title='bbox 447 2278 538 2345; x_wconf 78' lang='grc' dir='ltr'><strong><em>λαὶον</em></strong></span> <span class='ocrx_word' id='word_1_138' title='bbox 559 2329 581 2344; x_wconf 86' lang='grc'><strong>..</strong></span> <span class='ocrx_word' id='word_1_139' title='bbox 677 2273 789 2362; x_wconf 73' lang='grc' dir='ltr'><strong><em>ἔχοιεν.</em></strong></span> <span class='ocrx_word' id='word_1_140' title='bbox 821 2272 867 2358; x_wconf 83' lang='grc' dir='ltr'><strong>ὠς</strong></span> <span class='ocrx_word' id='word_1_141' title='bbox 888 2276 929 2371; x_wconf 76' lang='grc' dir='ltr'><em>δὴ</em></span> <span class='ocrx_word' id='word_1_142' title='bbox 950 2276 1016 2349; x_wconf 72' lang='lat' dir='ltr'><strong>ndo</strong></span> <span class='ocrx_word' id='word_1_143' title='bbox 1043 2279 1228 2351; x_wconf 76' lang='grc' dir='ltr'><strong><em>τοῦναντδον</em></strong></span> <span class='ocrx_word' id='word_1_144' title='bbox 1255 2280 1337 2363; x_wconf 73' lang='grc' dir='ltr'><strong><em>ἔθος</em></strong></span> <span class='ocrx_word' id='word_1_145' title='bbox 1356 2290 1427 2364; x_wconf 78' lang='grc' dir='ltr'><strong><em>τοῖς</em></strong></span> 
     </span>
     <span class='ocr_line' id='line_1_21' title="bbox 180 2387 313 2457; baseline -0.008 0"><span class='ocrx_word' id='word_1_146' title='bbox 180 2387 313 2457; x_wconf 78' lang='grc' dir='ltr'><strong><em>Αἰτιολο</em></strong></span> 
     </span>
     <span class='ocr_line' id='line_1_22' title="bbox 180 2487 1425 2590; baseline 0.002 -26"><span class='ocrx_word' id='word_1_147' title='bbox 180 2498 336 2564; x_wconf 71' lang='lat' dir='ltr'><strong>devotiora·</strong></span> <span class='ocrx_word' id='word_1_148' title='bbox 357 2496 411 2562; x_wconf 85' lang='grc' dir='ltr'><strong>δεῖ</strong></span> <span class='ocrx_word' id='word_1_149' title='bbox 427 2488 499 2586; x_wconf 74' lang='grc' dir='ltr'><strong>γάρ,</strong></span> <span class='ocrx_word' id='word_1_150' title='bbox 520 2488 622 2580; x_wconf 80' lang='grc' dir='ltr'><strong><em>οἶμαι,</em></strong></span> <span class='ocrx_word' id='word_1_151' title='bbox 643 2487 699 2561; x_wconf 74' lang='lat' dir='ltr'><strong>edo</strong></span> <span class='ocrx_word' id='word_1_152' title='bbox 720 2489 894 2584; x_wconf 77' lang='grc' dir='ltr'><strong><em>ἡγούμενον</em></strong></span> <span class='ocrx_word' id='word_1_153' title='bbox 915 2494 1000 2583; x_wconf 74' lang='grc' dir='ltr'><strong><em>ἔχειν</em></strong></span> <span class='ocrx_word' id='word_1_154' title='bbox 1020 2493 1173 2590; x_wconf 72' lang='grc' dir='ltr'><strong><em>ἐλαφρόν,</em></strong></span> <span class='ocrx_word' id='word_1_155' title='bbox 1203 2493 1273 2566; x_wconf 74' lang='grc' dir='ltr'><strong>ἀλλ’</strong></span> <span class='ocrx_word' id='word_1_156' title='bbox 1308 2494 1348 2566; x_wconf 81' lang='grc' dir='ltr'><strong>οὐ</strong></span> <span class='ocrx_word' id='word_1_157' title='bbox 1369 2494 1425 2566; x_wconf 82' lang='grc' dir='ltr'><strong>τὸν</strong></span> 
     </span>
     <span class='ocr_line' id='line_1_23' title="bbox 179 2603 1425 2690; baseline 0.002 -20"><span class='ocrx_word' id='word_1_158' title='bbox 179 2603 366 2688; x_wconf 80' lang='grc' dir='ltr'><strong><em>ἐμμένοντα,</em></strong></span> <span class='ocrx_word' id='word_1_159' title='bbox 408 2607 555 2688; x_wconf 88' lang='lat' dir='ltr'><strong>Vergilio</strong></span> <span class='ocrx_word' id='word_1_160' title='bbox 576 2626 655 2667; x_wconf 90' lang='lat' dir='ltr'><strong>veru</strong></span> <span class='ocrx_word' id='word_1_161' title='bbox 682 2608 864 2670; x_wconf 87' lang='lat' dir='ltr'><strong>Aristotelis</strong></span> <span class='ocrx_word' id='word_1_162' title='bbox 886 2609 983 2673; x_wconf 90' lang='lat' dir='ltr'><strong>libros</strong></span> <span class='ocrx_word' id='word_1_163' title='bbox 1007 2611 1110 2674; x_wconf 83' lang='lat' dir='ltr'><strong>fuisse</strong></span> <span class='ocrx_word' id='word_1_164' title='bbox 1138 2604 1251 2690; x_wconf 87' lang='lat' dir='ltr'><strong>notos,</strong></span> <span class='ocrx_word' id='word_1_165' title='bbox 1283 2630 1346 2672; x_wconf 95' lang='lat' dir='ltr'><strong>non</strong></span> <span class='ocrx_word' id='word_1_166' title='bbox 1366 2630 1425 2673; x_wconf 87' lang='lat' dir='ltr'><strong>so-</strong></span> 
     </span>
     <span class='ocr_line' id='line_1_24' title="bbox 181 2714 1488 2800; baseline 0.003 -23"><span class='ocrx_word' id='word_1_167' title='bbox 181 2716 245 2777; x_wconf 93' lang='lat' dir='ltr'><strong>lum</strong></span> <span class='ocrx_word' id='word_1_168' title='bbox 267 2719 378 2799; x_wconf 86' lang='lat' dir='ltr'><strong>poesis</strong></span> <span class='ocrx_word' id='word_1_169' title='bbox 400 2716 522 2775; x_wconf 88' lang='lat' dir='ltr'><strong>ratione</strong></span> <span class='ocrx_word' id='word_1_170' title='bbox 542 2714 666 2791; x_wconf 87' lang='lat' dir='ltr'><strong>habita,</strong></span> <span class='ocrx_word' id='word_1_171' title='bbox 699 2717 758 2778; x_wconf 92' lang='lat' dir='ltr'><strong>sed</strong></span> <span class='ocrx_word' id='word_1_172' title='bbox 790 2719 942 2798; x_wconf 88' lang='lat' dir='ltr'><strong>temporis</strong></span> <span class='ocrx_word' id='word_1_173' title='bbox 964 2720 1086 2783; x_wconf 88' lang='lat' dir='ltr'><strong>Sullani</strong></span> <span class='ocrx_word' id='word_1_174' title='bbox 1119 2724 1334 2798; x_wconf 90' lang='lat' dir='ltr'><strong>potissimum,</strong></span> <span class='ocrx_word' id='word_1_175' title='bbox 1363 2738 1425 2800; x_wconf 92' lang='lat' dir='ltr'><strong>quo</strong></span> <span class='ocrx_word' id='word_1_176' title='bbox 1485 2768 1488 2773; x_wconf 89' lang='lat'>.</span> 
     </span>
     <span class='ocr_line' id='line_1_25' title="bbox 181 2822 1425 2909; baseline 0 -22"><span class='ocrx_word' id='word_1_177' title='bbox 181 2824 305 2887; x_wconf 82' lang='lat' dir='ltr'><strong>Rornae</strong></span> <span class='ocrx_word' id='word_1_178' title='bbox 326 2823 437 2883; x_wconf 87' lang='lat' dir='ltr'><strong>iterum</strong></span> <span class='ocrx_word' id='word_1_179' title='bbox 461 2822 536 2884; x_wconf 90' lang='lat' dir='ltr'><strong>editi</strong></span> <span class='ocrx_word' id='word_1_180' title='bbox 556 2833 647 2899; x_wconf 90' lang='lat' dir='ltr'><strong>sunt,</strong></span> <span class='ocrx_word' id='word_1_181' title='bbox 675 2844 739 2885; x_wconf 92' lang='lat' dir='ltr'><strong>non</strong></span> <span class='ocrx_word' id='word_1_182' title='bbox 762 2825 916 2906; x_wconf 85' lang='lat' dir='ltr'><strong>estquod</strong></span> <span class='ocrx_word' id='word_1_183' title='bbox 939 2845 1107 2909; x_wconf 86' lang='lat' dir='ltr'><strong>negemus.</strong></span> <span class='ocrx_word' id='word_1_184' title='bbox 1149 2827 1296 2909; x_wconf 86' lang='lat' dir='ltr'><strong>Denique</strong></span> <span class='ocrx_word' id='word_1_185' title='bbox 1317 2835 1425 2890; x_wconf 86' lang='lat' dir='ltr'><strong>exstat</strong></span> 
     </span>
     <span class='ocr_line' id='line_1_26' title="bbox 153 2927 1425 3014; baseline 0.003 -22"><span class='ocrx_word' id='word_1_186' title='bbox 153 2969 157 2983; x_wconf 88' lang='lat'><strong>·</strong></span> <span class='ocrx_word' id='word_1_187' title='bbox 181 2949 261 2992; x_wconf 78' lang='lat' dir='ltr'><strong>sane</strong></span> <span class='ocrx_word' id='word_1_188' title='bbox 290 2927 440 2990; x_wconf 88' lang='lat' dir='ltr'><strong>ltalorum</strong></span> <span class='ocrx_word' id='word_1_189' title='bbox 474 2929 576 3011; x_wconf 85' lang='lat' dir='ltr'><strong>natio,</strong></span> <span class='ocrx_word' id='word_1_190' title='bbox 615 2947 698 3010; x_wconf 88' lang='lat' dir='ltr'><strong>quae</strong></span> <span class='ocrx_word' id='word_1_191' title='bbox 720 2949 782 2991; x_wconf 92' lang='lat' dir='ltr'><strong>uno</strong></span> <span class='ocrx_word' id='word_1_192' title='bbox 803 2931 885 3010; x_wconf 86' lang='lat' dir='ltr'><strong>pede</strong></span> <span class='ocrx_word' id='word_1_193' title='bbox 907 2934 1066 3014; x_wconf 81' lang='lat' dir='ltr'><strong>calceato,</strong></span> <span class='ocrx_word' id='word_1_194' title='bbox 1096 2933 1195 2995; x_wconf 88' lang='lat' dir='ltr'><strong>altero</strong></span> <span class='ocrx_word' id='word_1_195' title='bbox 1218 2931 1334 2996; x_wconf 89' lang='lat' dir='ltr'><strong>nudato</strong></span> <span class='ocrx_word' id='word_1_196' title='bbox 1358 2934 1425 2996; x_wconf 90' lang='lat' dir='ltr'><strong>ibat</strong></span> 
     </span>
     <span class='ocr_line' id='line_1_27' title="bbox 179 3033 1423 3123; baseline 0.002 -23"><span class='ocrx_word' id='word_1_197' title='bbox 179 3036 222 3100; x_wconf 82' lang='lat' dir='ltr'><strong>ad</strong></span> <span class='ocrx_word' id='word_1_198' title='bbox 245 3035 371 3099; x_wconf 74' lang='lat' dir='ltr'><strong>bellum.</strong></span> <span class='ocrx_word' id='word_1_199' title='bbox 410 3035 450 3098; x_wconf 88' lang='lat' dir='ltr'><strong>ln</strong></span> <span class='ocrx_word' id='word_1_200' title='bbox 468 3033 663 3097; x_wconf 82' lang='lat' dir='ltr'><strong>Samnitibus</strong></span> <span class='ocrx_word' id='word_1_201' title='bbox 682 3035 765 3098; x_wconf 89' lang='lat' dir='ltr'><strong>enim</strong></span> <span class='ocrx_word' id='word_1_202' title='bbox 786 3045 872 3100; x_wconf 89' lang='lat' dir='ltr'><strong>teste</strong></span> <span class='ocrx_word' id='word_1_203' title='bbox 894 3040 987 3103; x_wconf 71' lang='lat' dir='ltr'><strong>[rivio</strong></span> <span class='ocrx_word' id='word_1_204' title='bbox 1009 3043 1069 3121; x_wconf 86' lang='lat' dir='ltr'><strong>IX,</strong></span> <span class='ocrx_word' id='word_1_205' title='bbox 1092 3043 1153 3107; x_wconf 72' lang='lat'><strong>402</strong></span> <span class='ocrx_word' id='word_1_206' title='bbox 1173 3043 1423 3123; x_wconf 82' lang='lat' dir='ltr'><strong>„sinistrum</strong></span> 
     </span>
     <span class='ocr_line' id='line_1_28' title="bbox 144 3133 1491 3233; baseline 0.004 -26"><span class='ocrx_word' id='word_1_207' title='bbox 144 3179 147 3190; x_wconf 87' lang='lat'><em>·</em></span> <span class='ocrx_word' id='word_1_208' title='bbox 180 3157 277 3208; x_wconf 78' lang='lat' dir='ltr'><strong>erus</strong></span> <span class='ocrx_word' id='word_1_209' title='bbox 307 3160 431 3206; x_wconf 88' lang='lat' dir='ltr'><strong>ocrea</strong></span> <span class='ocrx_word' id='word_1_210' title='bbox 463 3144 647 3205; x_wconf 88' lang='lat' dir='ltr'><strong>tectum.“</strong></span> <span class='ocrx_word' id='word_1_211' title='bbox 702 3133 858 3223; x_wconf 85' lang='lat' dir='ltr'><strong>Dextrum</strong></span> <span class='ocrx_word' id='word_1_212' title='bbox 889 3147 971 3229; x_wconf 92' lang='lat' dir='ltr'><strong>apud</strong></span> <span class='ocrx_word' id='word_1_213' title='bbox 993 3149 1174 3230; x_wconf 83' lang='lat' dir='ltr'><strong>Vergilium</strong></span> <span class='ocrx_word' id='word_1_214' title='bbox 1203 3151 1292 3233; x_wconf 86' lang='lat' dir='ltr'><strong>tegi,</strong></span> <span class='ocrx_word' id='word_1_215' title='bbox 1328 3168 1424 3231; x_wconf 90' lang='lat' dir='ltr'><strong>quum</strong></span> <span class='ocrx_word' id='word_1_216' title='bbox 1485 3161 1491 3174; x_wconf 90' lang='lat'><strong>·</strong></span> 
     </span>
     <span class='ocr_line' id='line_1_29' title="bbox 177 3251 1424 3334; baseline 0.005 -20"><span class='ocrx_word' id='word_1_217' title='bbox 177 3252 261 3334; x_wconf 88' lang='lat' dir='ltr'><strong>apud</strong></span> <span class='ocrx_word' id='word_1_218' title='bbox 282 3261 409 3334; x_wconf 89' lang='lat' dir='ltr'><strong>poetam</strong></span> <span class='ocrx_word' id='word_1_219' title='bbox 431 3251 565 3333; x_wconf 88' lang='lat' dir='ltr'><strong>legatur,</strong></span> <span class='ocrx_word' id='word_1_220' title='bbox 586 3252 640 3334; x_wconf 90' lang='lat' dir='ltr'><strong>qui</strong></span> <span class='ocrx_word' id='word_1_221' title='bbox 661 3251 702 3314; x_wconf 91' lang='lat' dir='ltr'><strong>ad</strong></span> <span class='ocrx_word' id='word_1_222' title='bbox 725 3253 818 3314; x_wconf 86' lang='lat' dir='ltr'><strong>iidem</strong></span> <span class='ocrx_word' id='word_1_223' title='bbox 840 3274 928 3316; x_wconf 89' lang='lat' dir='ltr'><strong>mere</strong></span> <span class='ocrx_word' id='word_1_224' title='bbox 949 3257 1132 3319; x_wconf 87' lang='lat' dir='ltr'><strong>historicam</strong></span> <span class='ocrx_word' id='word_1_225' title='bbox 1156 3260 1280 3320; x_wconf 92' lang='lat' dir='ltr'><strong>nonsit</strong></span> <span class='ocrx_word' id='word_1_226' title='bbox 1301 3263 1424 3320; x_wconf 82' lang='lat' dir='ltr'><strong>astrin-</strong></span> 
     </span>
     <span class='ocr_line' id='line_1_30' title="bbox 176 3363 1422 3449; baseline 0.002 -23"><span class='ocrx_word' id='word_1_227' title='bbox 176 3364 313 3449; x_wconf 58' lang='lat' dir='ltr'><strong>gendus</strong></span> <span class='ocrx_word' id='word_1_228' title='bbox 344 3365 418 3425; x_wconf 90' lang='lat' dir='ltr'><strong>nihil</strong></span> <span class='ocrx_word' id='word_1_229' title='bbox 440 3363 577 3444; x_wconf 88' lang='lat' dir='ltr'><strong>impedit.</strong></span> <span class='ocrx_word' id='word_1_230' title='bbox 620 3364 669 3426; x_wconf 87' lang='lat' dir='ltr'><strong>De</strong></span> <span class='ocrx_word' id='word_1_231' title='bbox 690 3365 768 3445; x_wconf 91' lang='lat' dir='ltr'><strong>ipsis</strong></span> <span class='ocrx_word' id='word_1_232' title='bbox 790 3363 943 3427; x_wconf 82' lang='lat' dir='ltr'><strong>Romanis</strong></span> <span class='ocrx_word' id='word_1_233' title='bbox 964 3366 1069 3426; x_wconf 88' lang='lat' dir='ltr'><strong>simile</strong></span> <span class='ocrx_word' id='word_1_234' title='bbox 1089 3365 1164 3449; x_wconf 91' lang='lat' dir='ltr'><strong>quid</strong></span> <span class='ocrx_word' id='word_1_235' title='bbox 1186 3366 1285 3430; x_wconf 89' lang='lat' dir='ltr'><strong>tradit</strong></span> <span class='ocrx_word' id='word_1_236' title='bbox 1306 3368 1422 3448; x_wconf 86' lang='lat' dir='ltr'><strong>Vege-</strong></span> 
     </span>
     <span class='ocr_line' id='line_1_31' title="bbox 180 3469 1424 3557; baseline 0.002 -21"><span class='ocrx_word' id='word_1_237' title='bbox 180 3476 244 3536; x_wconf 93' lang='lat' dir='ltr'><strong>tius</strong></span> <span class='ocrx_word' id='word_1_238' title='bbox 267 3474 299 3548; x_wconf 92' lang='lat' dir='ltr'><strong>l,</strong></span> <span class='ocrx_word' id='word_1_239' title='bbox 327 3471 384 3535; x_wconf 77' lang='lat'><strong>20:</strong></span> <span class='ocrx_word' id='word_1_240' title='bbox 415 3469 529 3551; x_wconf 87' lang='lat' dir='ltr'><strong>„Apud</strong></span> <span class='ocrx_word' id='word_1_241' title='bbox 560 3474 710 3551; x_wconf 89' lang='lat' dir='ltr'><strong>antiquos</strong></span> <span class='ocrx_word' id='word_1_242' title='bbox 737 3490 849 3533; x_wconf 89' lang='lat' dir='ltr'><strong>murus</strong></span> <span class='ocrx_word' id='word_1_243' title='bbox 876 3471 1038 3534; x_wconf 87' lang='lat' dir='ltr'><strong>dicebatur</strong></span> <span class='ocrx_word' id='word_1_244' title='bbox 1067 3472 1225 3554; x_wconf 87' lang='lat' dir='ltr'><strong>pedestris</strong></span> <span class='ocrx_word' id='word_1_245' title='bbox 1249 3480 1424 3557; x_wconf 87' lang='lat' dir='ltr'><strong>exercitus,</strong></span> 
     </span>
     <span class='ocr_line' id='line_1_32' title="bbox 180 3577 1424 3665; baseline 0.003 -22"><span class='ocrx_word' id='word_1_246' title='bbox 180 3580 243 3642; x_wconf 91' lang='lat' dir='ltr'><strong>nisi</strong></span> <span class='ocrx_word' id='word_1_247' title='bbox 276 3577 358 3661; x_wconf 91' lang='lat' dir='ltr'><strong>quod</strong></span> <span class='ocrx_word' id='word_1_248' title='bbox 386 3579 503 3658; x_wconf 90' lang='lat' dir='ltr'><strong>pilatae</strong></span> <span class='ocrx_word' id='word_1_249' title='bbox 524 3578 669 3658; x_wconf 84' lang='lat' dir='ltr'><strong>legiones</strong></span> <span class='ocrx_word' id='word_1_250' title='bbox 690 3586 816 3658; x_wconf 88' lang='lat' dir='ltr'><strong>praeter</strong></span> <span class='ocrx_word' id='word_1_251' title='bbox 836 3589 929 3640; x_wconf 80' lang='lat' dir='ltr'><strong>acuta</strong></span> <span class='ocrx_word' id='word_1_252' title='bbox 949 3584 1044 3642; x_wconf 88' lang='lat' dir='ltr'><strong>etiam</strong></span> <span class='ocrx_word' id='word_1_253' title='bbox 1067 3581 1282 3662; x_wconf 85' lang='lat' dir='ltr'><strong>cataphractis</strong></span> <span class='ocrx_word' id='word_1_254' title='bbox 1300 3585 1424 3665; x_wconf 72' lang='lat' dir='ltr'><strong>galeis-</strong></span> 
     </span>
     <span class='ocr_line' id='line_1_33' title="bbox 179 3686 1422 3772; baseline 0.005 -23"><span class='ocrx_word' id='word_1_255' title='bbox 179 3707 241 3772; x_wconf 86' lang='lat' dir='ltr'><strong>que</strong></span> <span class='ocrx_word' id='word_1_256' title='bbox 263 3686 438 3771; x_wconf 85' lang='lat' dir='ltr'><strong>fulgebont,</strong></span> <span class='ocrx_word' id='word_1_257' title='bbox 460 3702 563 3766; x_wconf 87' lang='lat' dir='ltr'><strong>usque</strong></span> <span class='ocrx_word' id='word_1_258' title='bbox 584 3703 632 3762; x_wconf 90' lang='lat' dir='ltr'><strong>eo,</strong></span> <span class='ocrx_word' id='word_1_259' title='bbox 662 3693 697 3746; x_wconf 95' lang='lat' dir='ltr'><strong>ut</strong></span> <span class='ocrx_word' id='word_1_260' title='bbox 717 3687 873 3768; x_wconf 86' lang='lat' dir='ltr'><strong>sagittarii</strong></span> <span class='ocrx_word' id='word_1_261' title='bbox 895 3687 1024 3750; x_wconf 88' lang='lat' dir='ltr'><strong>sinistra</strong></span> <span class='ocrx_word' id='word_1_262' title='bbox 1044 3688 1174 3750; x_wconf 89' lang='lat' dir='ltr'><strong>brachia</strong></span> <span class='ocrx_word' id='word_1_263' title='bbox 1195 3691 1327 3754; x_wconf 88' lang='lat' dir='ltr'><strong>manicis</strong></span> <span class='ocrx_word' id='word_1_264' title='bbox 1347 3712 1422 3754; x_wconf 90' lang='lat' dir='ltr'><strong>mu·</strong></span> 
     </span>
     <span class='ocr_line' id='line_1_34' title="bbox 176 3796 1422 3882; baseline 0.002 -20"><span class='ocrx_word' id='word_1_265' title='bbox 176 3802 328 3874; x_wconf 91' lang='lat' dir='ltr'><strong>nirentur,</strong></span> <span class='ocrx_word' id='word_1_266' title='bbox 350 3796 477 3876; x_wconf 89' lang='lat' dir='ltr'><strong>pedites</strong></span> <span class='ocrx_word' id='word_1_267' title='bbox 493 3805 600 3859; x_wconf 90' lang='lat' dir='ltr'><strong>autem</strong></span> <span class='ocrx_word' id='word_1_268' title='bbox 620 3800 742 3859; x_wconf 90' lang='lat' dir='ltr'><strong>scutati</strong></span> <span class='ocrx_word' id='word_1_269' title='bbox 760 3806 886 3876; x_wconf 86' lang='lat' dir='ltr'><strong>praeter</strong></span> <span class='ocrx_word' id='word_1_270' title='bbox 908 3799 1132 3879; x_wconf 79' lang='lat' dir='ltr'><strong>cataphractos</strong></span> <span class='ocrx_word' id='word_1_271' title='bbox 1152 3808 1185 3861; x_wconf 87' lang='lat' dir='ltr'><strong>et</strong></span> <span class='ocrx_word' id='word_1_272' title='bbox 1200 3803 1313 3882; x_wconf 86' lang='lat' dir='ltr'><strong>galeas</strong></span> <span class='ocrx_word' id='word_1_273' title='bbox 1326 3802 1422 3864; x_wconf 89' lang='lat' dir='ltr'><strong>etiam</strong></span> 
     </span>
     <span class='ocr_line' id='line_1_35' title="bbox 175 3884 1423 3990; baseline 0.002 -21"><span class='ocrx_word' id='word_1_274' title='bbox 175 3906 298 3970; x_wconf 74' lang='lat' dir='ltr'><strong>terreas</strong></span> <span class='ocrx_word' id='word_1_275' title='bbox 322 3884 435 3966; x_wconf 78' lang='lat' dir='ltr'><strong>obruas</strong></span> <span class='ocrx_word' id='word_1_276' title='bbox 457 3907 499 3965; x_wconf 93' lang='lat' dir='ltr'><strong>in</strong></span> <span class='ocrx_word' id='word_1_277' title='bbox 521 3903 679 3967; x_wconf 84' lang='lat' dir='ltr'><strong>dextris</strong></span> <span class='ocrx_word' id='word_1_278' title='bbox 701 3905 889 3966; x_wconf 92' lang='lat' dir='ltr'><strong>cruribus</strong></span> <span class='ocrx_word' id='word_1_279' title='bbox 912 3916 1105 3988; x_wconf 89' lang='lat' dir='ltr'><strong>cogerentur</strong></span> <span class='ocrx_word' id='word_1_280' title='bbox 1125 3909 1304 3990; x_wconf 87' lang='lat' dir='ltr'><strong>acuiperc.“</strong></span> <span class='ocrx_word' id='word_1_281' title='bbox 1352 3908 1423 3972; x_wconf 82' lang='lat' dir='ltr'><strong>Ce-</strong></span> 
     </span>
     <span class='ocr_line' id='line_1_36' title="bbox 177 4012 1422 4099; baseline 0 -21"><span class='ocrx_word' id='word_1_282' title='bbox 177 4024 279 4080; x_wconf 90' lang='lat' dir='ltr'><strong>terum</strong></span> <span class='ocrx_word' id='word_1_283' title='bbox 308 4012 391 4075; x_wconf 90' lang='lat' dir='ltr'><strong>Dido</strong></span> <span class='ocrx_word' id='word_1_284' title='bbox 419 4013 484 4097; x_wconf 82' lang='lat' dir='ltr'><strong>tv,</strong></span> <span class='ocrx_word' id='word_1_285' title='bbox 522 4013 594 4077; x_wconf 85' lang='grc'><strong>518.</strong></span> <span class='ocrx_word' id='word_1_286' title='bbox 622 4033 721 4076; x_wconf 82' lang='lat' dir='ltr'><strong>unum</strong></span> <span class='ocrx_word' id='word_1_287' title='bbox 750 4020 851 4074; x_wconf 76' lang='lat' dir='ltr'><strong>ecula</strong></span> <span class='ocrx_word' id='word_1_288' title='bbox 879 4017 989 4093; x_wconf 82' lang='lat' dir='ltr'><strong>pedem</strong></span> <span class='ocrx_word' id='word_1_289' title='bbox 1023 4016 1138 4076; x_wconf 80' lang='lat' dir='ltr'><strong>vinclis</strong></span> <span class='ocrx_word' id='word_1_290' title='bbox 1174 4015 1301 4099; x_wconf 84' lang='lat' dir='ltr'><strong>magica</strong></span> <span class='ocrx_word' id='word_1_291' title='bbox 1328 4032 1422 4079; x_wconf 83' lang='lat' dir='ltr'><strong>saura</strong></span> 
     </span>
     <span class='ocr_line' id='line_1_37' title="bbox 175 4122 1422 4207; baseline 0.001 -21"><span class='ocrx_word' id='word_1_292' title='bbox 175 4122 308 4207; x_wconf 89' lang='lat' dir='ltr'><strong>perficit.</strong></span> <span class='ocrx_word' id='word_1_293' title='bbox 361 4122 455 4202; x_wconf 85' lang='lat' dir='ltr'><strong>Quae</strong></span> <span class='ocrx_word' id='word_1_294' title='bbox 480 4125 626 4206; x_wconf 86' lang='lat' dir='ltr'><strong>magicae</strong></span> <span class='ocrx_word' id='word_1_295' title='bbox 653 4132 740 4185; x_wconf 88' lang='lat' dir='ltr'><strong>artes</strong></span> <span class='ocrx_word' id='word_1_296' title='bbox 774 4140 869 4204; x_wconf 92' lang='lat' dir='ltr'><strong>quum</strong></span> <span class='ocrx_word' id='word_1_297' title='bbox 898 4122 1060 4184; x_wconf 79' lang='lat' dir='ltr'><strong>aillamis</strong></span> <span class='ocrx_word' id='word_1_298' title='bbox 1086 4123 1285 4203; x_wconf 89' lang='lat' dir='ltr'><strong>potissimum</strong></span> <span class='ocrx_word' id='word_1_299' title='bbox 1306 4123 1422 4188; x_wconf 78' lang='lat' dir='ltr'><strong>fuerint</strong></span> 
     </span>
     <span class='ocr_line' id='line_1_38' title="bbox 182 4229 1422 4312; baseline 0.001 -18"><span class='ocrx_word' id='word_1_300' title='bbox 182 4233 348 4307; x_wconf 85' lang='lat' dir='ltr'><strong>excultae,</strong></span> <span class='ocrx_word' id='word_1_301' title='bbox 385 4232 496 4294; x_wconf 86' lang='lat' dir='ltr'><strong>neseio</strong></span> <span class='ocrx_word' id='word_1_302' title='bbox 528 4251 569 4295; x_wconf 91' lang='lat' dir='ltr'><strong>an</strong></span> <span class='ocrx_word' id='word_1_303' title='bbox 611 4231 651 4292; x_wconf 90' lang='lat' dir='ltr'><strong>ab</strong></span> <span class='ocrx_word' id='word_1_304' title='bbox 673 4231 743 4308; x_wconf 90' lang='lat' dir='ltr'><strong>bis,</strong></span> <span class='ocrx_word' id='word_1_305' title='bbox 779 4230 832 4312; x_wconf 90' lang='lat' dir='ltr'><strong>qui</strong></span> <span class='ocrx_word' id='word_1_306' title='bbox 858 4229 889 4290; x_wconf 93' lang='lat' dir='ltr'><strong>in</strong></span> <span class='ocrx_word' id='word_1_307' title='bbox 918 4229 1053 4293; x_wconf 89' lang='lat' dir='ltr'><strong>confinio</strong></span> <span class='ocrx_word' id='word_1_308' title='bbox 1076 4230 1191 4292; x_wconf 75' lang='lat' dir='ltr'><strong>saltem</strong></span> <span class='ocrx_word' id='word_1_309' title='bbox 1213 4229 1422 4310; x_wconf 73' lang='lat' dir='ltr'><strong>Gabinorum,</strong></span> 
     </span>
     <span class='ocr_line' id='line_1_39' title="bbox 178 4336 1421 4421; baseline 0.002 -21"><span class='ocrx_word' id='word_1_310' title='bbox 178 4338 468 4416; x_wconf 88' lang='lat' dir='ltr'><strong>Praenestinorum,</strong></span> <span class='ocrx_word' id='word_1_311' title='bbox 489 4338 729 4421; x_wconf 81' lang='lat' dir='ltr'><strong>Anagninorum</strong></span> <span class='ocrx_word' id='word_1_312' title='bbox 752 4337 952 4418; x_wconf 71' lang='lat' dir='ltr'><strong>posiderunt,</strong></span> <span class='ocrx_word' id='word_1_313' title='bbox 974 4336 1028 4396; x_wconf 88' lang='lat' dir='ltr'><strong>hio</strong></span> <span class='ocrx_word' id='word_1_314' title='bbox 1046 4354 1117 4398; x_wconf 91' lang='lat' dir='ltr'><strong>mos</strong></span> <span class='ocrx_word' id='word_1_315' title='bbox 1145 4337 1283 4402; x_wconf 89' lang='lat' dir='ltr'><strong>derivari</strong></span> <span class='ocrx_word' id='word_1_316' title='bbox 1301 4349 1421 4420; x_wconf 90' lang='lat' dir='ltr'><strong>potue-</strong></span> 
     </span>
     <span class='ocr_line' id='line_1_40' title="bbox 176 4443 1420 4528; baseline 0.002 -18"><span class='ocrx_word' id='word_1_317' title='bbox 176 4449 228 4510; x_wconf 78' lang='lat' dir='ltr'><strong>nt.</strong></span> <span class='ocrx_word' id='word_1_318' title='bbox 270 4445 419 4510; x_wconf 82' lang='lat' dir='ltr'><strong>Cinctum</strong></span> <span class='ocrx_word' id='word_1_319' title='bbox 444 4444 579 4528; x_wconf 82' lang='lat' dir='ltr'><strong>donique</strong></span> <span class='ocrx_word' id='word_1_320' title='bbox 600 4454 697 4528; x_wconf 86' lang='lat' dir='ltr'><strong>togae</strong></span> <span class='ocrx_word' id='word_1_321' title='bbox 718 4443 880 4509; x_wconf 78' lang='lat' dir='ltr'><strong>Gabinum</strong></span> <span class='ocrx_word' id='word_1_322' title='bbox 909 4445 1005 4507; x_wconf 84' lang='lat' dir='ltr'><strong>facile</strong></span> <span class='ocrx_word' id='word_1_323' title='bbox 1036 4445 1152 4526; x_wconf 88' lang='lat' dir='ltr'><strong>aliquis</strong></span> <span class='ocrx_word' id='word_1_324' title='bbox 1174 4450 1420 4526; x_wconf 85' lang='lat' dir='ltr'><strong>comparaverit.</strong></span> 
     </span>
     <span class='ocr_line' id='line_1_41' title="bbox 180 4552 1419 4635; baseline 0.003 -19"><span class='ocrx_word' id='word_1_325' title='bbox 180 4552 273 4633; x_wconf 84' lang='lat' dir='ltr'><strong>Quae</strong></span> <span class='ocrx_word' id='word_1_326' title='bbox 308 4554 381 4616; x_wconf 90' lang='lat' dir='ltr'><strong>talis</strong></span> <span class='ocrx_word' id='word_1_327' title='bbox 421 4554 499 4616; x_wconf 89' lang='lat' dir='ltr'><strong>ritus</strong></span> <span class='ocrx_word' id='word_1_328' title='bbox 537 4569 639 4616; x_wconf 83' lang='lat' dir='ltr'><strong>oausa</strong></span> <span class='ocrx_word' id='word_1_329' title='bbox 674 4553 786 4635; x_wconf 82' lang='lat' dir='ltr'><strong>fuerit,</strong></span> <span class='ocrx_word' id='word_1_330' title='bbox 830 4553 938 4634; x_wconf 86' lang='lat' dir='ltr'><strong>quaeri</strong></span> <span class='ocrx_word' id='word_1_331' title='bbox 970 4559 1088 4634; x_wconf 85' lang='lat' dir='ltr'><strong>potest.</strong></span> <span class='ocrx_word' id='word_1_332' title='bbox 1140 4553 1346 4619; x_wconf 78' lang='lat' dir='ltr'><strong>liettulerunt</strong></span> <span class='ocrx_word' id='word_1_333' title='bbox 1378 4557 1419 4620; x_wconf 91' lang='lat' dir='ltr'><strong>ad</strong></span> 
     </span>
     <span class='ocr_line' id='line_1_42' title="bbox 172 4657 1419 4747; baseline 0.002 -24"><span class='ocrx_word' id='word_1_334' title='bbox 172 4680 322 4745; x_wconf 89' lang='lat' dir='ltr'><strong>pugnarn.</strong></span> <span class='ocrx_word' id='word_1_335' title='bbox 365 4661 499 4726; x_wconf 84' lang='lat' dir='ltr'><strong>Servius</strong></span> <span class='ocrx_word' id='word_1_336' title='bbox 520 4657 686 4723; x_wconf 88' lang='lat' dir='ltr'><strong>sinistrum</strong></span> <span class='ocrx_word' id='word_1_337' title='bbox 704 4664 752 4724; x_wconf 88' lang='lat' dir='ltr'><strong>ait</strong></span> <span class='ocrx_word' id='word_1_338' title='bbox 770 4661 803 4722; x_wconf 90' lang='lat' dir='ltr'><strong>in</strong></span> <span class='ocrx_word' id='word_1_339' title='bbox 830 4663 1038 4743; x_wconf 81' lang='lat' dir='ltr'><strong>pugnantibus</strong></span> <span class='ocrx_word' id='word_1_340' title='bbox 1066 4662 1200 4743; x_wconf 90' lang='lat' dir='ltr'><strong>primum</strong></span> <span class='ocrx_word' id='word_1_341' title='bbox 1229 4681 1322 4740; x_wconf 85' lang='lat' dir='ltr'><strong>esse,</strong></span> <span class='ocrx_word' id='word_1_342' title='bbox 1349 4665 1419 4747; x_wconf 90' lang='lat' dir='ltr'><strong>tegi</strong></span> 
     </span>
    </p>
   </div>
   <div class='ocr_carea' id='block_1_5' title="bbox 171 4771 1415 4840">
    <p class='ocr_par' dir='ltr' id='par_1_8' title="bbox 171 4771 1415 4840">
     <span class='ocr_line' id='line_1_43' title="bbox 171 4771 1415 4840; baseline 0.004 -6"><span class='ocrx_word' id='word_1_343' title='bbox 171 4791 251 4838; x_wconf 86' lang='lat' dir='ltr'><strong>vero</strong></span> <span class='ocrx_word' id='word_1_344' title='bbox 282 4782 383 4838; x_wconf 85' lang='lat' dir='ltr'><strong>scuto.</strong></span> <span class='ocrx_word' id='word_1_345' title='bbox 426 4773 494 4837; x_wconf 89' lang='lat' dir='ltr'><strong>Sed</strong></span> <span class='ocrx_word' id='word_1_346' title='bbox 516 4772 555 4837; x_wconf 92' lang='lat' dir='ltr'><strong>de</strong></span> <span class='ocrx_word' id='word_1_347' title='bbox 584 4783 677 4838; x_wconf 89' lang='lat' dir='ltr'><strong>scuto</strong></span> <span class='ocrx_word' id='word_1_348' title='bbox 705 4773 769 4837; x_wconf 87' lang='lat' dir='ltr'><strong>hoe</strong></span> <span class='ocrx_word' id='word_1_349' title='bbox 787 4771 829 4840; x_wconf 85' lang='lat' dir='ltr'><strong>da</strong></span> <span class='ocrx_word' id='word_1_350' title='bbox 850 4774 1071 4837; x_wconf 77' lang='lat' dir='ltr'><strong>Praenestinis</strong></span> <span class='ocrx_word' id='word_1_351' title='bbox 1092 4772 1256 4838; x_wconf 81' lang='lat' dir='ltr'><strong>ridiculum</strong></span> <span class='ocrx_word' id='word_1_352' title='bbox 1279 4785 1331 4838; x_wconf 87' lang='lat' dir='ltr'><strong>ost</strong></span> <span class='ocrx_word' id='word_1_353' title='bbox 1352 4775 1415 4840; x_wconf 89' lang='lat' dir='ltr'><strong>ad·</strong></span> 
     </span>
    </p>
   </div>
   <div class='ocr_carea' id='block_1_6' title="bbox 0 0 1516 5234">
    <p class='ocr_par' dir='ltr' id='par_1_9' title="bbox 0 0 1516 5234">
     <span class='ocr_line' id='line_1_44' title="bbox 0 0 1516 5234; baseline 0 1"><span class='ocrx_word' id='word_1_354' title='bbox 0 0 1516 5234; x_wconf 95' lang='lat' dir='ltr'><strong> </strong></span> 
     </span>
    </p>
   </div>
  </div>
 </body>
</html>
