3022 5234
146 213 204 276 ¹38
670 222 725 284 Da
746 221 834 286 diis.

141 398 211 460 atiis
233 398 313 459 iocis
334 399 374 462 ad
398 403 517 465 Parcas
539 422 558 462 e
579 403 678 485 piebis
693 406 927 489 superstitione,
952 418 986 471 ut
1008 408 1050 486 V,
1070 412 1148 475 798:

223 506 263 568 Se·
283 527 435 568 concesso
452 519 536 590 peto,
558 517 590 572 oi
608 516 688 573 dant
707 535 744 575 eo
765 522 889 579 moenia
911 521 1046 586 Parcae.

142 610 209 674 Soti
232 612 314 674 haoo
335 615 407 675 trita
430 624 461 676 et
482 617 586 681 solita.

223 717 315 796 Quae
343 721 471 805 singula
501 725 550 786 hio
576 725 697 805 prototo
724 747 816 808 quum
840 731 869 792 iu
888 751 981 797 unam
1003 735 1094 815 quasi
1117 735 1286 822 imaginem
1308 745 1377 806 uoi-

140 832 242 912 ligere
263 834 422 925 malueris,
445 853 546 914 nequo
558 835 766 917 Platonicum,
782 859 884 920 nequo
894 841 1131 927 Pythagoreum
1146 847 1382 928 Epicureumve

139 958 240 1020 neque
263 948 295 998 ut
309 941 473 1003 Horatium
484 943 678 1005 Eoieotioum
701 953 827 1025 poetam
851 959 990 1011 nostrum
1012 952 1170 1034 iuveniori,
1191 956 1251 1017 sed
1274 962 1379 1040 quoad

139 1058 253 1130 poetae
274 1050 393 1111 linitum
416 1058 467 1109 ost
485 1050 614 1112 Stoicae
637 1050 799 1116 doctrinae
828 1065 1028 1120 sectatorem.

222 1160 259 1220 ln
283 1157 352 1238 ipso
380 1157 465 1218 cultu
493 1158 700 1220 describendo
731 1170 867 1223 motus
897 1165 945 1226 itte
968 1165 1106 1245 deorum,
1126 1172 1178 1252 qui
1201 1191 1297 1254 quum
1320 1195 1379 1238 au-

139 1267 263 1347 tiquae,
285 1275 351 1326 tum
374 1264 539 1327 Romanae
559 1267 721 1350 religionis
745 1271 887 1350 proprius
908 1280 967 1348 est,
988 1273 1028 1335 ab
1050 1276 1119 1356 ipso
1141 1289 1306 1371 tantopore
1326 1307 1380 1349 re·

138 1385 252 1456 ceptus
273 1383 336 1449 est,
358 1381 391 1435 ut
412 1383 516 1435 metus
537 1382 571 1436 et
591 1377 700 1458 religio
719 1380 801 1439 inter
827 1396 866 1440 se
893 1390 1133 1450 oomrnutoutur.
1175 1388 1223 1449 Ita
1243 1402 1379 1457 vocatur

139 1486 245 1546 laurus
269 1483 345 1563 VH,
366 1482 426 1544 6οι

219 1592 325 1654 Sucro
344 1611 474 1673 oomom,
498 1591 674 1670 multosque
694 1598 802 1653 meto
821 1601 949 1656 servato
966 1616 1025 1674 per
1046 1617 1158 1673 onnon.

138 1701 318 1781 etantiqua
340 1717 511 1779 cupressus
532 1699 572 1774 ΙΙ,
591 1698 660 1762 715.
1145 1678 1148 1683 ’

222 1808 432 1885 Reliyt'orte
450 1814 612 1887 potrum
640 1809 755 1868 multoe
774 1816 901 1869 oeroota
919 1830 978 1888 per
999 1831 1112 1875 aranos.

138 1918 259 1980 Horror
282 1919 424 1980 tribuitur
446 1918 587 2002 religioni
609 1917 683 1989 VH,
710 1918 786 1981 172:

219 2028 421 2090 Horrendum
441 2028 532 2090 otton
553 2035 586 2089 et
601 2029 753 2105 religione
769 2035 947 2109 parentum.

139 2139 231 2218 vllt,
252 2135 328 2201 349:

219 2250 289 2308 Ium
311 2256 378 2308 tum
398 2237 507 2324 reliqio
525 2249 659 2324 pavidos
681 2247 864 2309 terrebat
882 2252 1020 2324 aqrestit

218 2359 301 2417 Dira
321 2355 389 2419 tori.
1162 2423 1166 2430 .

137 2462 379 2542 Superstitionis
403 2479 483 2525 vooe
504 2461 597 2524 modo
620 2458 660 2524 do
681 2479 714 2523 re
741 2481 826 2524 vana
855 2461 955 2544 viil,
992 2461 1072 2545 18⁷„
1103 2465 1197 2528 modo
1218 2465 1259 2528 do
1280 2470 1374 2549 gravi

137 2572 215 2655 xtt,
235 2569 307 2632 817.
324 2571 431 2635 utitur.
518 2614 525 2623 -

648 2714 651 2719 ’
708 2752 743 2842 5.
763 2734 814 2819 ⁵⁷.

662 2916 720 2969 Be
738 2913 830 2972 utto.

196 3058 323 3149 ⁸Quum
344 3061 514 3124 maximam
537 3060 603 3122 fore
623 3061 755 3122 Aeneae
777 3059 897 3122 ltaliam
915 3059 1096 3141 navigantis
1109 3078 1222 3121 munus
1240 3069 1370 3142 apoota

134 3168 346 3251 significetur,
382 3178 414 3231 ut
436 3172 583 3230 conderet
602 3170 710 3229 urbem
729 3156 923 3247 ¹inferretque
944 3167 1018 3228 deor
1038 3164 1151 3239 Latio,
1188 3186 1251 3228 uon
1270 3168 1370 3230 abso-

133 3299 205 3340 num
228 3280 286 3341 erit
308 3301 327 3343 a
348 3282 522 3363 proposito,
555 3279 737 3360 priusquam
765 3294 817 3336 ros
842 3272 969 3336 divinae
998 3262 1224 3354 exportantur,¹
1246 3260 1373 3337 immina

133 3388 187 3448 iiia
209 3387 326 3470 divina,
349 3409 431 3472 quae
453 3408 509 3469 per
531 3407 656 3450 carmen
679 3386 848 3468 praecipue
868 3386 992 3466 epicum
1014 3382 1132 3445 diffusa
1150 3391 1235 3463 sunt,
1258 3383 1370 3461 paucis

133 3498 317 3559 enumerari.
359 3485 415 3558 Ἐκ
442 3484 522 3569 Atos
542 3481 752 3579 ἆρχώμεσθα.

215 3605 384 3666 Ivournnn.
407 3604 537 3665 Auxva.
561 3604 629 3664 Dis.
658 3601 852 3664 Seoomeudi
875 3609 949 3662 sunt
972 3601 1053 3662 talos
1074 3598 1152 3673 loci,
1173 3595 1287 3678 quibus
1310 3596 1371 3658 hoo

131 3714 257 3776 nomine
278 3713 400 3776 caelum
419 3710 578 3792 „sublime
599 3707 762 3772 condens“
783 3710 962 3791 insignitur,
987 3714 1023 3768 ut
1045 3703 1166 3788 Georg.
1188 3706 1212 3777 1,
1236 3703 1316 3767 tls:

812 3821 956 3897 Iuppiter
976 3819 1090 3878 uvidus
1110 3818 1231 3876 nunna

211 3930 344 4002 Demut,
366 3935 460 3991 erant
479 3949 560 4013 quae
581 3948 659 3990 rara
682 3930 780 4009 modo,
804 3932 836 3988 et
856 3946 937 4007 quae
957 3928 1066 3999 denso,
1090 3923 1228 3984 retonat.
1257 3944 1260 3949 ·

132 4036 213 4100 Aen.
237 4037 295 4112 tx,
315 4036 393 4099 669:

681 4117 784 4192 Quam
804 4118 904 4191 multo
922 4119 1080 4196 orandine
1100 4116 1199 4175 nimbi

212 4229 255 4287 In
275 4227 356 4286 vodo
374 4228 598 4303 praecipitant,
614 4242 692 4284 *oum
714 4225 858 4301 Iuppiter
879 4225 1029 4284 horridae
1049 4223 1169 4283 nustria

218 4337 354 4417 Torquet
370 4355 521 4418 aquosam
542 4336 673 4395 hiemem
693 4340 727 4394 et
745 4335 832 4394 coelo
854 4354 930 4394 oaoo
950 4332 1059 4395 nubila
1078 4333 1204 4408 rumpit.

126 4472 199 4534 uel.
221 4472 298 4548 Vll,
319 4468 381 4530 60:

210 4581 354 4654 luppiter
374 4581 406 4635 et
426 4575 507 4634 laeto
527 4571 697 4632 descendet
712 4570 885 4649 pharamam
906 4569 1007 4630 imbri.

133 4685 254 4765 Georg.
276 4684 315 4743 11.
337 4683 416 4775 4¹⁹².

214 4793 260 4853 ut
281 4795 344 4852 iam
365 4791 499 4850 maturio
519 4787 706 4850 metuendus
725 4784 870 4864 luppiter
889 4784 969 4845 noia.
