3022 5234
180 233 246 298 202
623 237 679 298 De
711 232 975 301 divinatione.

183 413 341 479 cometae
368 406 487 492 etiam,¹
516 425 551 479 nt
579 415 675 480 bodie
704 419 852 500 apiebe,
883 420 1011 484 infausti
1038 421 1244 484 habebantur.
1292 420 1417 507 Georg.

183 524 217 606 1,
237 523 315 590 4873
879 537 882 544 ’
1057 533 1063 547 ’

183 664 186 669 -
266 628 343 693 Nom
362 632 446 694 attae
468 633 556 694 coelo
580 635 764 695 oeciderunt
779 635 878 713 ploro
897 656 1010 698 ocrem

268 738 426 818 roboro,
450 761 509 802 nec
529 745 595 804 diri
613 748 727 805 totiena
747 765 856 806 arsere
877 754 1023 808 eonmtoc.

184 848 266 911 Aen.
287 848 328 923 X,
351 848 433 914 272:

185 999 188 1005 -
266 959 343 1021 Non
361 978 457 1022 oecon
478 980 517 1022 co
539 961 658 1040 liquido
678 964 833 1042 siquando
856 971 948 1026 noeto
967 971 1104 1026 cometae

268 1067 449 1146 Sammaei
467 1071 600 1147 lugubre
620 1073 735 1131 rubent
753 1078 812 1132 cut
830 1071 938 1134 Simus
958 1075 1063 1133 ordor.

185 1173 264 1239 Plio.
285 1176 327 1238 N.
349 1176 390 1240 H.
412 1178 460 1258 11,
487 1175 544 1239 23:
575 1176 794 1258 ‚,[Cometes]
821 1178 992 1244 terrificum
1022 1198 1140 1264 magna
1162 1199 1204 1242 ex
1223 1190 1315 1263 parte
1336 1179 1431 1245 sidus

186 1308 226 1353 ac
246 1307 308 1351 non
327 1291 443 1354 leviter
469 1291 607 1374 piatum,
635 1300 671 1353 ut
695 1293 782 1354 civiti
807 1302 894 1356 motu
922 1293 1060 1357 Octavio
1089 1293 1222 1357 consule
1251 1292 1428 1373 iterumque

187 1395 330 1479 Pompeii
351 1404 385 1458 et
408 1395 558 1460 Caesaris
577 1394 696 1460 beiio.“
730 1376 813 1463 ¹Huc
834 1403 927 1465 etiam
949 1403 1085 1483 pertinet
1103 1401 1147 1477 V,
1174 1400 1253 1463 525:

271 1506 420 1586 Namque
439 1500 553 1568 vodano
571 1509 699 1588 liquidis
719 1513 754 1570 in
776 1511 910 1572 nocitus
931 1514 1014 1573 arsit
1032 1512 1188 1586 durando,

271 1611 482 1694 Sipnccitque
501 1619 583 1676 viem
601 1618 748 1695 fiammis,
773 1624 938 1697 tenuisque
958 1622 1093 1679 recessit

274 1720 470 1799 Consumpta
490 1726 525 1781 in
544 1708 672 1783 ocutos:
694 1724 781 1784 coelo
801 1745 859 1786 ceu
872 1745 967 1802 saepe
987 1730 1090 1804 redere

276 1830 518 1892 montom-root
537 1835 718 1911 crinemque
736 1833 875 1895 volantia
895 1835 1002 1895 uidero
1023 1838 1151 1897 ducunt.

191 1936 290 1999 Porro
313 1933 435 2019 Georg.
455 1938 486 2015 1,
505 1936 581 2002 4743

275 2045 447 2106 Armorum
466 2050 604 2108 comitum
625 2053 687 2108 toto
710 2046 886 2110 Germania
906 2049 994 2109 coelo

273 2152 394 2228 Audiit,
416 2153 553 2215 insolitis
575 2159 773 2216 tremuerunt
790 2157 925 2218 motibus
944 2156 1056 2236 Alpes.
1134 2195 1139 2207 .

193 2257 244 2321 De
264 2258 368 2321 sonitu
390 2279 547 2324 armorum
570 2260 613 2323 cf.
632 2262 713 2324 Plin.
736 2261 779 2323 N.
800 2263 841 2328 H.
863 2264 903 2335 ΙΙ,
925 2263 975 2328 38.
996 2263 1059 2327 iam
1078 2264 1219 2329 allatum.
1252 2265 1350 2330 Adde
1372 2270 1430 2331 lul.

194 2365 314 2448 Obseq.
345 2367 400 2429 42:
441 2370 567 2449 „Arma
595 2370 746 2432 caelestia
774 2379 916 2452 tempore
946 2380 1079 2454 utroque
1100 2373 1139 2436 ab
1164 2381 1234 2436 ortu
1253 2384 1289 2438 et
1308 2393 1432 2440 occasu

194 2476 266 2540 visa
296 2495 439 2560 pugnare
466 2485 500 2539 et
529 2479 570 2540 ab
599 2495 716 2542 occasu
742 2475 863 2544 vinci.“
903 2479 963 2542 683
1005 2482 1198 2560 „Armorum
1232 2483 1434 2567 telorumque

193 2587 319 2668 species
349 2605 368 2648 a
397 2594 483 2649 terre
510 2589 582 2650 vise
611 2607 679 2650 cum
700 2588 828 2672 fragore
852 2587 892 2650 ad
918 2587 1042 2650 caetum
1069 2586 1178 2654 ferri“
1219 2589 1279 2651 cs:
1325 2588 1434 2673 „Cia-

194 2715 314 2759 morem
336 2698 552 2779 crepitumque
571 2717 728 2761 armorum
750 2697 940 2760 Antiochiae
959 2697 1024 2774 bis,
1045 2705 1078 2760 ut
1099 2705 1279 2760 curreretur
1300 2698 1333 2760 in
1359 2719 1434 2762 mu-

194 2823 261 2888 ros,
283 2805 433 2887 auditum,
454 2805 589 2889 indeque
608 2824 721 2869 sonum
741 2814 960 2887 tympanorum
973 2802 1159 2889 Pergami.“
1185 2808 1305 2870 'ferree
1325 2818 1434 2872 motus

194 2913 341 2977 insolitos
362 2914 476 2976 Livius
498 2933 624 2996 quoquo
644 2915 724 2976 inter
743 2913 894 2975 miracula
917 2922 1079 2975 enumerat
1099 2915 1156 2996 ΠΙ,
1182 2913 1236 2976 103
1257 2915 1333 2997 „no
1349 2934 1435 2978 anno

196 3022 319 3086 caelum
339 3021 452 3086 ardere
477 3023 604 3103 visum,
636 3030 722 3084 terra
743 3020 864 3103 ingenti
886 3037 1046 3084 concussa
1066 3029 1153 3082 motu
1182 3015 1265 3086 est.“
1294 3021 1436 3104 1v,21:

196 3133 441 3216 „Teucrosque
468 3150 509 3193 ac
536 3129 695 3212 prodigia,
729 3130 866 3192 maxime
898 3128 983 3210 quod
1011 3129 1129 3191 crebris
1158 3131 1296 3194 motibus
1326 3140 1436 3195 terrae

196 3259 290 3304 ruere
311 3240 342 3302 in
363 3242 451 3325 agris
471 3238 691 3300 nuntiabantur
711 3232 832 3298 tecta.“
873 3233 986 3319 Georg
1006 3238 1040 3321 1,
1062 3235 1143 3301 471:

280 3349 432 3426 Quomodo
454 3345 627 3425 Cyelopum
648 3349 794 3425 effervere
814 3348 849 3405 io
870 3365 966 3422 apros

287 3460 431 3520 Vidimus
451 3458 623 3517 underttem
644 3459 747 3533 ruptis
765 3455 951 3528 fornacibus
971 3452 1119 3527 Aetnam,

282 3563 562 3642 mammarumque
580 3561 942 3643 ploboc'liquefocthue
962 3560 1085 3622 volvere
1106 3576 1202 3623 ecca,

201 3687 252 3752 cf.
273 3688 328 3750 lul.
351 3688 469 3770 Obseq.
492 3688 547 3750 21:
598 3689 718 3763 „Mons
745 3689 851 3749 Aetna
876 3686 1003 3769 ignibus
1024 3683 1205 3746 abundavit.
1246 3682 1439 3768 Prodigium

200 3797 370 3859 maioribus
391 3796 505 3858 hostiis
526 3794 732 3878 quadraginta
755 3791 951 3875 expiatum.“
991 3793 1046 3855 24:
1068 3794 1192 3876 „Mons
1207 3794 1312 3855 Aetna
1333 3794 1440 3855 meio-

201 3906 288 3970 ribus
308 3905 401 3968 solito
422 3906 501 3967 arsit
520 3905 681 3987 ignibus“
720 3903 778 3967 27:
820 3905 952 3986 „Aetna
981 3903 1084 3964 mons‘
1101 3911 1206 3964 terrae
1232 3909 1318 3961 motu
1345 3899 1441 3982 ignes

202 4035 299 4099 super
313 4018 468 4078 verticem
481 4016 544 4074 late
564 4005 723 4073 diffudit.“
745 4011 799 4072 Ne
819 4029 897 4072 voro
918 4009 1065 4091 opineris,
1088 4015 1215 4088 poetam
1237 4007 1341 4086 ipsum
1365 4006 1443 4067 taiia

201 4123 352 4187 miracula
374 4120 628 4203 superstitiosum
650 4117 835 4202 credidisse,
857 4127 997 4200 poetam,
1020 4118 1072 4199 qui
1093 4115 1217 4179 felicem
1238 4113 1323 4177 iilum
1344 4132 1443 4196 prae·

203 4229 297 4309 dicat,
318 4234 372 4312 qui
392 4248 494 4291 rerum
517 4246 632 4290 causas
654 4228 805 4311 cognovit
826 4237 858 4289 et
879 4222 996 4288 metum
1017 4243 1139 4287 omnem
1150 4221 1285 4305 pedibus
1296 4223 1444 4288 subiecit

204 4339 331 4402 Probus
353 4348 458 4401 tomen
480 4343 612 4398 naturae
633 4345 791 4398 scrutator
814 4343 847 4396 et
868 4335 1055 4398 observator
1076 4333 1150 4395 tolie
1172 4352 1190 4394 o
1210 4338 1315 4392 mente
1335 4351 1445 4413 popu--

204 4445 315 4508 terium
336 4459 463 4504 suorum
486 4440 602 4522 hausit,
622 4460 684 4522 quo
706 4440 839 4504 artificio
860 4441 981 4502 animos
1002 4441 1046 4502 ita
1062 4441 1157 4521 cepit,
1178 4435 1445 4518 quemadmodum

204 4551 442 4632 nostriquoque
460 4555 576 4628 poetae
594 4549 808 4631 superstitioni
822 4548 1035 4631 indulgentes.
1076 4544 1158 4625 Quis
1172 4547 1254 4607 enim
1266 4542 1447 4641 crediderit,

205 4682 226 4725 a
237 4661 369 4722 Marone
384 4655 541 4719 insolitam
559 4657 696 4720 amnium
709 4655 942 4720 inundationem
960 4653 1176 4736 prodigiosam
1194 4671 1269 4717 esse
1280 4649 1448 4719 habitumi

207 4767 330 4848 Georg.
351 4765 379 4846 1,
400 4764 479 4827 4813
