3022 5234
129 258 186 329 llo
207 253 511 333 sacerdotibus,
533 248 751 331 auguribus
772 256 804 306 et
824 263 1030 306 sacrorum
1052 242 1264 305 ministris.
1310 238 1369 300 ton

127 440 157 512 l,
177 438 235 499 54:
281 430 392 516 „Idem
421 453 525 497 annus
553 449 657 495 novas
685 429 893 491 caerimonias
919 427 1061 506 accepit,
1084 423 1192 486 addito
1214 422 1370 484 sodalium
1440 478 1443 485 .

128 531 362 624 Augustalium
376 539 574 620 sacerdotio,
607 547 640 598 nt
663 533 819 617 quondam
842 535 878 597 Τ.
901 535 1013 594 'latius
1034 531 1205 593 retinendis
1229 531 1371 595 Sabino-

127 666 198 712 rum
226 647 328 713 sacris
357 646 460 709 'lilios
491 647 677 707 instituerat.
728 644 823 705 Sorte
844 640 929 702 ducti
958 661 976 700 e
1008 639 1199 720 primoribus
1232 641 1373 703 civitatis

128 774 212 817 unus
234 765 266 816 et
286 754 439 836 viginti.“
477 753 599 814 Nescio
621 771 661 813 an
684 749 837 811 sacerdos
861 748 1028 809 Minervae
1047 747 1091 808 sit
1112 748 1188 821 Vll,
1209 747 1289 810 750:

216 862 302 938 Ouiu
323 871 354 924 cl
373 864 544 926 Marruvia
563 866 647 922 oculi
667 861 706 920 de
727 866 821 937 peule
841 859 992 918 sacerdos

213 971 346 1033 Fraude
366 990 462 1047 super
480 971 606 1047 pateam
626 975 659 1029 a!
674 969 768 1049 felici
789 973 931 1044 comptus
952 967 1047 1047 oliuu,

214 1079 374 1157 Archippi
393 1083 478 1155 repis
499 1081 611 1155 missu,
629 1079 828 1156 fortissimus
852 1075 979 1136 Umbro.

131 1187 187 1251 ct.
211 1187 343 1270 Dionys
366 1190 470 1250 llalio.
493 1189 533 1249 Α.
554 1188 594 1250 R.
619 1188 659 1261 ll,
680 1186 736 1248 64:
760 1173 943 1265 [Ἀπέδωκε
967 1170 986 1243 ὁ
1008 1180 1139 1263 Νομᾶς]
1162 1171 1221 1266 τήν
1241 1179 1278 1243 δὲ
1293 1178 1373 1243 δευ-

130 1290 231 1381 τέραν
251 1295 321 1368 τοῖς
334 1290 543 1375 καλουμένοις
563 1283 619 1377 ὑφ’
634 1281 785 1376 Ἑλλήνων
806 1280 1083 1376 Στεφανηφόροις,
1104 1281 1169 1354 ὑπὸ
1191 1282 1378 1373 δὲῬωμαί-

132 1432 178 1473 ων
200 1397 372 1490 utipanti,
404 1399 461 1482 orig
482 1403 539 1470 ἐπὶ
558 1402 618 1491 τῆς
639 1392 812 1490 φορήσεως
832 1398 895 1463 τοῗν
916 1397 1067 1464 unicornio
1093 1421 1130 1462 τε
1153 1396 1208 1462 καὶ
1228 1387 1378 1479 στεμμά-

131 1508 249 1594 των,ἀ
281 1510 335 1576 καὶ
354 1512 409 1577 νῦν
429 1507 478 1576 ἔτι
500 1511 652 1600 φοροῦσι,
687 1501 803 1599 φλάμα
824 1508 1006 1589 καλοῦντες,
1035 1533 1121 1574 ουτω
1148 1503 1377 1599 προσαγορεύ-

131 1641 220 1713 poco.

220 1733 350 1795 'l'riviae
373 1733 502 1794 Virbius
520 1731 596 1808 Vll,
613 1730 693 1803 775„
718 1730 864 1814 Cybelae
887 1732 944 1805 xi,
967 1729 1044 1793 768:

130 1822 133 1827 ι
219 1840 318 1904 Forte
338 1862 429 1903 sacer
450 1841 584 1919 Cybelae
605 1840 762 1902 Chloreus
784 1840 922 1920 olimque
943 1822 1106 1904 oucirrcloo.¹

136 1947 303 2011 Anchisae
324 1946 459 2029 denique
480 1956 672 2029 memoratur
692 1946 807 2009 flamen
826 1947 867 2023 V,
886 1946 964 2020 Ι76οε
1002 1964 1018 2021 ῃδ

599 2057 791 2137 Tumuloquc
810 2060 960 2119 sacerdos

223 2168 272 2230 Ac
292 2168 386 2228 lucus
408 2169 472 2228 lule
492 2188 586 2228 sacer
604 2170 734 2247 additur
755 2168 930 2240 Auchisco.

139 2278 297 2339 Maiorem
318 2294 397 2338 vero
418 2294 510 2338 nemo
531 2276 626 2339 homo
648 2278 803 2356 consequi
823 2285 950 2358 poterat
970 2279 1135 2356 honorem,
1157 2296 1251 2360 qoam
1266 2288 1309 2340 ¹ut
1323 2280 1385 2343 ha·

142 2388 233 2449 beret
256 2386 410 2468 pulvinar,
434 2386 645 2465 simulacrum,
669 2385 843 2465 fastigium,
867 2385 1034 2446 flaminem.
1058 2386 1190 2447 Sueton.
1212 2386 1386 2451 riberto:
1462 2454 1464 2459 ,

141 2494 321 2577 „'l¹ampla,
361 2494 522 2566 flamines,
559 2492 746 2556 sacerdotes
782 2493 908 2556 decerni
938 2495 998 2556 sihi
1030 2490 1220 2576 prohibuit.“
1264 2495 1299 2556 ln
1337 2495 1387 2556 in-

144 2600 370 2682 scriptionibus
391 2599 532 2661 ilamioes
553 2599 677 2679 plurimi
698 2600 799 2682 obvii,
822 2599 897 2661 vide
922 2599 1017 2663 Orell
1039 2600 1256 2669 2207-2224.

226 2709 398 2770 nvovnrs.
441 2705 606 2768 Romanae
627 2709 719 2790 leges
740 2710 969 2771 constituerunt
997 2708 1091 2785 (Cio.
1120 2707 1161 2771 de
1192 2711 1255 2796 leg.
1275 2715 1317 2791 ll,
1342 2716 1389 2785 8.)

145 2816 209 2879 iluo
241 2835 362 2901 genera
391 2812 609 2895 sacerdotum,
641 2833 734 2875 noum
757 2815 840 2896 quod
860 2817 980 2898 praesit
999 2817 1196 2881 caerimoniis
1221 2830 1254 2884 et
1273 2827 1387 2901 saeris,

146 2929 280 2991 alterum
305 2921 389 3006 quod
424 2923 646 3000 interpretetur
676 2922 873 2987 fatidicorum
904 2933 936 2987 et
964 2935 1073 2988 vatum
1102 2925 1200 2989 effata
1221 2926 1388 3010 incognita.

147 3037 245 3097 'l'ales
267 3035 457 3115 interpretes
477 3012 540 3093 non
567 3040 701 3126 nouerat
731 3034 902 3116 antiquitas
929 3035 1119 3118 Homerica,
1155 3036 1276 3118 profert
1311 3057 1388 3099 vero

150 3142 344 3224 Vergiliana.
386 3143 436 3203 lta
457 3139 619 3203 Rhamnes
642 3140 701 3222 lx,
722 3138 798 3205 327:

234 3251 309 3313 lieo
326 3251 408 3311 idom
430 3256 462 3308 et
481 3252 551 3324 rapi
575 3249 680 3310 lhruo
697 3255 904 3326 proticoimuo
924 3273 1038 3330 oupur.

149 3359 224 3439 xli,
245 3355 317 3421 258.
341 3363 373 3418 et
395 3356 478 3417 460:

282 3546 285 3551 Δ
586 3462 768 3522 lhlumuiuo
795 3484 908 3540 cuprtr.

151 3575 235 3653 xil,
256 3572 332 3633 392:

235 3684 366 3762 Iamque
386 3684 498 3742 aderat
518 3684 642 3742 Phoebo
665 3689 739 3742 cute
762 3680 841 3741 ulios
862 3682 998 3742 dilectus
1019 3683 1109 3760 lupis

235 3793 369 3863 laudes,
393 3793 464 3852 ucri
483 3791 639 3868 qrcoudom
661 3791 715 3848 cui
734 3794 848 3867 captus
868 3806 974 3848 cruore

236 3903 311 3977 Ipse
332 3919 409 3958 auus
431 3901 520 3966 artis,
546 3915 606 3956 suu
627 3914 760 3956 munero
780 3897 884 3956 luctam
905 3895 1021 3975 Apollo

239 4006 467 4083 Aupurium
489 4006 704 4084 citharamque
725 4007 821 4066 clobul
841 4008 1015 4087 celerisque
1036 4015 1182 4087 capillus.

153 4115 228 4177 Huc
248 4111 386 4174 fortasse
408 4113 542 4193 pertinet
564 4111 660 4172 etiam
684 4109 815 4173 Halaesi
837 4113 880 4190 X,
901 4112 977 4178 4172

108 4273 114 4285 .
239 4219 324 4281 Futu
345 4236 465 4278 cuueua
485 4219 575 4278 aileu
594 4222 728 4294 peuilor.

240 4328 410 4390 anrnnss
428 4326 491 4388 iam
512 4344 611 4409 supra
632 4328 806 4408 tetigimus.

240 4435 356 4498 Peroe
388 4435 607 4512 Vrcnnmmr,
629 4455 691 4496 non
712 4452 904 4516 praecones,
941 4434 993 4517 qui
1014 4437 1097 4519 apud
1118 4438 1291 4501 Homerum
1312 4447 1395 4515 sunt,

153 4543 239 4626 apud
250 4551 393 4606 nostrum
403 4557 565 4603 sacrorum
578 4540 714 4602 ministri
729 4550 890 4622 apparent.
911 4543 1024 4606 Aenea
1033 4543 1232 4608 sacrificante
1244 4547 1302 4629 vt,
1317 4547 1396 4612 248t

240 4651 435 4730 Supponunt
454 4649 511 4710 olii
531 4649 661 4722 cultros,
685 4651 883 4731 hpiduuopuc
903 4670 1048 4713 cruorem

243 4757 436 4836 Suscipiunt
452 4757 583 4834 putoria.
