3022 5234
338 227 393 287 De
412 225 637 306 phalarica.
683 231 737 288 Do
760 234 900 290 eateie
921 241 963 293 et
985 229 1143 312 aclyde.
1321 233 1375 295 ‘et

702 459 734 493 ‚.
759 415 808 476 39.

601 543 659 597 lie
679 409 906 612 plantat-lea.

168 711 295 772 'turnus
319 713 378 790 lX,
400 711 472 773 7⁰3.
494 712 674 792 Meropem,
698 715 885 794 Erymanta,
909 716 1089 797 Aphidnum
1112 721 1237 803 sternit,
1316 750 1320 769 ·

214 820 292 879 Tum
310 823 421 882 Bitian
443 825 603 882 ardentem
625 823 726 882 ocutis
747 828 923 902 unitateque
940 828 1127 902 frementem

210 927 285 987 Non
306 927 427 1003 incudm·
449 946 551 1005 nepae
572 932 654 987 enirn
675 930 779 988 ioculo
800 935 895 989 eitum
916 932 969 990 ille
990 933 1136 1006 dedisset,

93 1076 97 1087 .
212 1032 281 1094 Sed
298 1051 450 1110 mapnam
471 1032 612 1096 stridens
634 1041 825 1096 contorta
843 1037 1070 1114 phalarico
1093 1044 1190 1122 venit,

211 1140 371 1202 Fulminis
394 1147 466 1200 octa
488 1143 586 1216 modo,
609 1163 703 1221 prtum
724 1162 781 1202 nec
801 1146 863 1204 duo
885 1152 998 1205 taurea
1019 1153 1110 1221 torpa

210 1256 278 1317 Nec
300 1250 418 1326 duplici
436 1269 569 1328 squama
590 1251 690 1310 lorica
709 1253 812 1330 fidelia
833 1262 865 1314 et
881 1260 964 1315 *curo

212 1362 383 1422 Sustinuit.

130 1469 283 1530 Servius:
313 1473 381 1533 ”De
401 1472 463 1535 hoc
485 1477 546 1535 telo
569 1475 700 1554 legitur,
731 1475 803 1554 quia
826 1485 875 1535 est
900 1477 1012 1554 ingens
1035 1484 1125 1539 turno
1147 1479 1283 1552 factum,
1312 1481 1375 1544 ha-

128 1576 208 1638 hens
230 1579 348 1643 ferrum
371 1582 506 1644 cubitale
531 1593 563 1645 et
581 1578 803 1644 'rotunditatem
829 1581 867 1643 de
884 1583 1011 1662 plumbo
1028 1585 1058 1645 in
1075 1585 1202 1649 modum
1218 1589 1376 1669 sphaerae

127 1682 158 1744 in
188 1685 259 1765 ipsa
293 1689 483 1750 summitate.
535 1689 655 1748 Dicitur
693 1692 789 1749 etiam
812 1691 917 1762 iquem
952 1691 1067 1752 habere
1096 1693 1235 1757 adfixum
1270 1730 1310 1741 -
1332 1731 1374 1744 -

129 1795 218 1856 Sane
245 1796 436 1875 phalaricam
473 1798 621 1858 Lucanus
650 1796 727 1859 dixit
758 1801 863 1860 nervis
896 1801 972 1860 mitti
1002 1802 1156 1864 tortilibus
1184 1825 1202 1865 e
1237 1805 1373 1886 quadam

130 1907 288 1986 machina,
312 1915 345 1968 ut
366 1906 444 1987 (Vl,
470 1906 570 1979 l98.):

211 2013 308 2073 Hunc
330 2024 385 2077 ant
406 2015 561 2077 tortilibus
585 2015 708 2078 vibrata
728 2016 889 2098 phalarica
912 2022 1022 2080 nervis

215 2120 365 2184 obruat«

131 2228 158 2288 Ε
181 2228 295 2290 Servio
318 2249 375 2292 sua
397 2231 514 2303 hausit,
538 2243 571 2292 ut
599 2234 692 2310 solet,
715 2232 857 2294 Isidorus
879 2234 1009 2301 xvm,
1031 2234 1067 2314 7,
1090 2235 1120 2296 8.
1163 2237 1274 2316 Ignem
1302 2237 1375 2301 huie

130 2341 340 2400 instrumento
361 2339 466 2401 tribuit
487 2339 580 2400 etiam
603 2339 717 2400 Livius
740 2341 832 2416 ΧΧΙ,
854 2342 888 2402 8:
918 2341 1105 2402 ”phalarica
1126 2349 1195 2403 erat
1217 2343 1376 2425 Sagunti·

131 2447 193 2529 nis,
217 2447 339 2509 missile
361 2447 457 2509 telum
478 2447 582 2509 hastili
603 2428 750 2530 abiegno,
780 2457 813 2509 et
836 2461 944 2508 cetera
966 2449 1068 2527 tereti,
1090 2457 1310 2531 praeterquam
1333 2452 1383 2517 ad.

132 2563 320 2636 extremum,
343 2554 427 2617 unde
450 2554 565 2616 ferrum
588 2555 743 2616 exstabat.
777 2553 813 2615 Id
832 2559 915 2615 sicut
932 2556 961 2615 in
977 2555 1038 2635 pilo
1057 2555 1244 2636 quadratum
1260 2565 1376 2640 stuppa

131 2662 412 2744 circumligabant,
450 2662 664 2742 liniebantque
699 2663 776 2743 pice.
833 2663 966 2724 Ferrum
999 2673 1107 2726 autem
1148 2671 1215 2726 tres
1248 2663 1375 2747 longum

132 2773 229 2836 habet
258 2769 377 2851 pedes,
415 2778 453 2830 ut
484 2786 566 2831 cunr
598 2771 720 2831 armis
756 2769 1004 2850 transfigere
1035 2787 1186 2850 corpus
1220 2782 1375 2852 posset.

134 2877 203 2942 Sed
230 2877 262 2937 id
291 2878 450 2956 maxime,
481 2877 605 2938 etiarnsi
638 2876 795 2937 haesisset
823 2876 853 2937 in
882 2885 994 2958 scuto,
1026 2894 1088 2937 nec
1115 2886 1318 2958 penetrasset
1344 2881 1376 2944 in

133 3005 263 3069 eorpus,
285 3003 434 3065 pavorem
455 2983 605 3060 faciebat,
619 2983 708 3064 ‘quod
731 3002 825 3064 quum
847 2983 980 3046 medium
1001 3003 1171 3047 accensum
1188 2988 1375 3067 mitteretur,

134 3106 389 3179 conceptumque
410 3097 479 3176 ipso
502 3104 588 3157 motu
610 3096 707 3156 multo
728 3095 879 3155 maiorem
894 3097 1027 3174 ignem
1042 3094 1148 3174 ferret,
1171 3112 1260 3156 arma
1275 3094 1376 3155 omitti

135 3207 285 3287 cogebat,
299 3203 480 3282 nudumque
496 3203 623 3264 mititem
639 3201 679 3262 ad
693 3201 899 3281 insequentes
915 3204 999 3265 ictus
1014 3199 1216 3281 praebetote
1247 3199 1297 3262 cf.
1321 3200 1377 3262 Si·

135 3315 198 3376 lius
210 3315 235 3389 1,
251 3311 335 3391 350,
358 3320 390 3372 et
405 3309 568 3391 Vegetius
581 3308 641 3386 lV,
664 3307 718 3372 18³
741 3306 929 3368 „Phalariea
946 3316 1051 3369 autem
1066 3306 1107 3367 ad
1122 3306 1248 3393 modum
1263 3308 1377 3375 hastae

135 3422 246 3485 valido
271 3419 456 3501 praefigitur
483 3414 582 3493 ferr03
613 3414 695 3475 iuter
722 3413 831 3474 tubum
863 3422 895 3475 et
923 3414 1037 3476 hastile
1058 3413 1227 3494 sulphure,
1257 3415 1377 3496 resina,

136 3529 289 3593 bitumine
311 3525 477 3605 stupisqne
500 3521 699 3583 convolvitur
723 3521 827 3582 infuso
848 3520 928 3592 oleo,
959 3519 1044 3603 quod
1065 3520 1292 3583 incendiarium
1312 3540 1377 3583 vo-

138 3645 228 3717 cant,
255 3652 337 3717 quae
371 3632 505 3694 balistae
540 3631 659 3712 impetu
691 3629 848 3692 destinata
877 3642 1026 3710 perrupto
1057 3631 1230 3692 munimine
1261 3630 1377 3692 ardens

135 3747 246 3826 ligitur
268 3742 366 3825 liguo,
387 3739 590 3819 turritumque
611 3737 789 3801 machinam
811 3738 993 3820 frequenter
1013 3733 1184 3798 incendit.“
1219 3737 1292 3801 Hoc
1312 3737 1378 3819 igi-

137 3863 188 3916 tur
208 3853 279 3915 loco
300 3848 345 3935 ad¹
362 3845 580 3911 defensionem
599 3846 803 3908 obsessorum
826 3845 971 3926 pertinet.

736 4076 744 4094 .
766 4027 818 4090 to.

550 4160 609 4214 lte
628 4020 761 4214 eccela
780 4161 820 4212 et
838 4158 989 4224 aclyde·

220 4341 306 4401 inter
319 4338 528 4400 'l'roianorum
537 4394 539 4402 ,
549 4337 583 4396 in
604 4351 713 4415 pugna
728 4333 783 4395 itta
800 4331 840 4394 de
856 4333 966 4394 ltaliae
979 4331 1048 4413 solo
1062 4332 1253 4415 acquirendo
1267 4331 1380 4396 hostes

138 4448 337 4512 nominantur
354 4445 478 4506 incolae
499 4444 594 4503 etiam
609 4441 792 4521 ltulrarum,
815 4442 932 4524 ltatuli,
955 4440 1126 4505 Celemnae
1142 4449 1237 4523 atque
1247 4440 1382 4504 Abellae

141 4559 218 4641 vu,
239 4555 319 4620 7412

227 4664 395 4725 Teutom'co
415 4664 480 4723 ritu
500 4660 587 4720 soliti
606 4666 752 4740 torpuere
770 4663 937 4721 cateias.

140 4752 293 4838 Servius:
309 4760 419 4848 „teta
443 4768 579 4835 Gallica.
611 4769 702 4835 Unde
724 4778 757 4834 et
774 4771 983 4833 'teutonicum
1004 4768 1097 4832 ritum
1120 4767 1198 4832 dixit
1220 4765 1383 4849 [cateiam
