3022 5234
205 233 249 297 66
310 234 365 294 De
386 228 537 311 clipeo,
559 237 696 309 scuto,
717 246 870 308 parma,
894 228 1026 308 pelta,
1048 236 1183 305 cotra,
1205 224 1342 289 auoili.

207 412 345 492 accedit,
367 411 509 493 virisque
529 409 712 493 ingentibus
732 409 901 490 tribuitur,
939 427 981 471 ex
1008 408 1090 471 omni
1116 416 1206 489 parte
1227 417 1296 471 erat
1315 403 1451 468 rotunda

208 530 241 583 ot
260 521 442 582 orbiculato.
484 517 579 597 Quod
606 519 676 600 ipse
703 526 799 599 poeta
820 519 889 597 ΙΙΙ,
909 515 981 580 637.
1010 516 1166 606 ostendit,
1200 533 1294 597 quum
1323 516 1449 575 oculum

209 627 364 709 Cyclopis
390 629 549 709 ingentem
579 626 618 688 ab
648 626 762 690 Ulissis
783 626 882 687 sociis
902 625 965 687 telo
996 632 1092 687 aeuto
1122 623 1237 685 adusto
1266 621 1478 717 perfossum¹

208 739 348 799 nominat

290 841 435 920 Arpoliei
454 845 583 922 clipei
601 848 659 902 ant
678 843 842 903 Phoebeae
862 840 1019 917 lampadis
1038 843 1151 900 instar.

107 1008 112 1016 .
211 953 257 1014 At
282 953 446 1032 quominus
471 949 559 1013 dieas
581 949 761 1030 Argolicum
784 954 903 1009 tantum
934 946 1089 1025 elipeum,
1125 944 1178 1025 qui
1212 940 1264 1009 hic
1283 962 1356 1006 oum
1379 942 1451 1004 sole

209 1067 424 1140 comparetur,
454 1058 558 1119 fuisse
580 1057 748 1119 rotundum
759 1100 769 1137 ,
804 1060 827 1117 ii
847 1054 1057 1137 prohibebunt
1079 1053 1158 1134 loei,
1187 1054 1302 1134 quibus
1321 1051 1361 1114 de
1383 1051 1454 1112 eius

209 1168 285 1231 orbe
305 1182 409 1228 sermo
431 1175 495 1246 est,
516 1175 551 1229 ut
572 1168 616 1246 ll,
636 1166 707 1228 227.
731 1183 855 1248 angues
1061 1162 1064 1169 ’

290 1275 357 1338 Sub
375 1278 570 1356 pedibusque
590 1277 667 1336 dece
688 1278 884 1354 clipeique
904 1274 962 1334 end
984 1274 1077 1334 orbe
1096 1278 1260 1356 tepnnlnr,

213 1383 341 1445 Aeneas
363 1382 405 1457 X,
425 1381 502 1444 546:

290 1493 338 1552 El
357 1498 455 1552 tolum
477 1491 598 1569 clipei
612 1486 702 1569 ferro
723 1491 883 1550 deiecerat
903 1490 1039 1548 orbem.

209 1599 342 1662 Aeneae
362 1599 455 1661 basta
476 1599 506 1658 in
528 1598 670 1657 'furnum
693 1596 790 1657 missa
812 1593 943 1656 recludit
965 1596 1040 1676 Xll,
1058 1595 1140 1660 925:

536 1722 676 1799 clipei
694 1725 854 1780 extremos
877 1720 1088 1797 septemplicis
1107 1699 1231 1782 orbis.

206 1849 330 1913 Deinde
350 1846 674 1928 animadvertendum,
697 1847 829 1925 clipeum
845 1845 930 1907 corio
946 1845 1066 1906 taurino
1091 1863 1165 1905 esse
1188 1846 1452 1930 conglutinatum.

206 1959 307 2020 Bitias
330 1960 395 2036 lX,
415 1957 487 2018 706.
510 1975 572 2018 non
594 1954 715 2033 iaculo,
738 1952 795 2014 sed
816 1954 974 2034 phalarica
993 1955 1140 2032 fulminis
1163 1963 1236 2016 acin
1257 1958 1347 2016 modo
1368 1971 1452 2015 oon-

207 2066 326 2146 ficitur,
352 2084 436 2146 quae
464 2077 521 2144 per
549 2066 611 2125 dno
633 2071 745 2125 lunrec
765 2071 856 2141 terpc
880 2063 1072 2143 loricamque
1100 2069 1256 2142 penetrat.
1307 2061 1454 2143 Clipeam

207 2181 334 2255 poetam
354 2174 384 2235 in
407 2175 509 2236 animo
532 2173 700 2252 babuisse,
724 2173 815 2234 vides
836 2174 905 2254 IX,
924 2171 1002 2237 709:

536 2308 584 2369 lit
604 2306 776 2385 clipeum
796 2327 895 2384 anper
915 2311 1041 2369 intonat
1061 2313 1185 2386 inperia.

207 2448 242 2502 et
263 2440 399 2519 clipeum
423 2435 559 2519 quidem,
582 2437 635 2518 qni
649 2435 771 2497 duobus
790 2438 869 2499 tauri
882 2440 982 2521 tergis
1001 2441 1178 2504 constabat.
1222 2438 1264 2500 Ut
1279 2439 1462 2526 Homerus,

207 2549 250 2611 ita
272 2547 435 2628 Vergilius
465 2564 523 2608 aes
545 2564 671 2627 quoque
693 2545 831 2606 adhibet.
874 2548 923 2608 lta
945 2549 1075 2610 Aeneas
1098 2547 1251 2610 Mezentii
1271 2546 1332 2627 Xl,
1356 2545 1413 2608 10:
1504 2634 1508 2639 Ι

537 2679 791 2760 Clipenmqne
810 2700 854 2741 en
875 2700 967 2740 nere
999 2685 1150 2744 sinistrae

218 2780 221 2788 ¹
290 2787 446 2866 Suillqat

210 2897 342 2958 Aeneae
363 2896 458 2960 hasta
480 2898 523 2978 X,
545 2892 623 2958 336:

541 3005 663 3066 Volane
683 3004 807 3082 clipei
826 3007 1064 3067 transverberet
1084 3026 1185 3067 nera

290 3113 448 3173 Maeonis.

212 3219 366 3301 Cupenoo
388 3220 463 3298 Xll,
485 3217 564 3279 541:

416 3327 486 3388 Nec
507 3332 621 3388 misero
643 3329 768 3406 clipei
788 3347 877 3389 morn
897 3329 1020 3407 prosnil
1041 3332 1161 3393 aerei.
1244 3342 1248 3347 '

211 3433 326 3513 Neque
342 3452 383 3494 ex
394 3433 444 3494 his
459 3434 569 3504 solum,
592 3433 650 3496 sed
673 3435 756 3497 ferro
779 3436 887 3517 etiam,
909 3452 971 3514 quo
994 3435 1154 3496 Homerus
1175 3434 1335 3510 abstinuit,
1359 3445 1455 3518 poeta

211 3539 302 3622 fingit
322 3539 458 3602 Pallanti
478 3540 522 3623 X,
544 3540 619 3602 482:

543 3648 737 3727 Clipeam,
773 3656 818 3708 tot
835 3652 945 3729 ferri
966 3656 1066 3727 terpn,
1088 3654 1280 3731 tolociis,
1382 3724 1385 3733 1

294 3753 374 3815 Onna
393 3755 487 3832 pellis
508 3760 622 3816 latiens
636 3758 733 3817 rotent
753 3758 947 3816 circumdato
969 3760 1084 3814 inuri.

215 3857 304 3919 Loco
326 3856 399 3919 ferri
420 3859 515 3922 linum
538 3867 570 3920 et
592 3860 654 3921 hoo
677 3851 815 3920 Homero
840 3859 1021 3939 inauditum,
1046 3860 1131 3922 dedit
1152 3861 1307 3922 Mezentii
1329 3863 1446 3942 clipeo,

213 3965 243 4026 in
267 3983 361 4047 quem
382 3967 514 4027 Aeneae
535 3966 629 4027 hasta
650 3966 747 4026 missa
768 3968 813 4047 X,
834 3964 912 4028 733:

339 4083 342 4088 '
482 4064 488 4075 ’
886 4073 952 4138 Illc
972 4098 1031 4156 per
1051 4081 1183 4140 orbem

297 4178 404 4241 Aere
429 4200 536 4253 cavom
557 4182 685 4259 triplici,
703 4204 762 4262 per
782 4185 889 4246 linea
911 4194 1012 4268 lerna,
1033 4190 1194 4266 tribusque

304 4286 448 4347 Transiit
466 4291 625 4349 intentam
645 4298 781 4354 lnnris
802 4315 891 4372 opus.

214 4417 267 4480 De
287 4436 348 4514 qun
368 4436 410 4478 ne
432 4417 578 4481 Servium
602 4425 746 4504 sequaris
775 4426 995 4490 hariolantem:
1033 4427 1142 4509 „Lino
1164 4427 1246 4487 enim
1267 4424 1457 4508 tegebantur

217 4535 327 4606 scuta,
348 4532 384 4585 ut
405 4527 508 4603 possit
527 4526 689 4592 inhaerere
711 4531 870 4611 pictura.“
907 4535 1023 4614 Neque
1046 4533 1126 4594 enim
1149 4531 1188 4595 de
1210 4541 1313 4610 scuto,
1333 4552 1395 4602 nec
1416 4529 1456 4594 de

218 4635 342 4714 pictura
371 4620 503 4711 loquitur
530 4643 626 4715 poeta
639 4679 648 4717 ,
677 4635 734 4698 sed
766 4637 904 4703 ordinem
927 4639 1088 4722 explicat,
1119 4658 1180 4722 quo
1205 4640 1335 4700 Aeneae
1357 4640 1456 4702 telum

219 4737 362 4822 singulas
379 4744 554 4821 tegumenti
563 4742 663 4805 series
684 4746 887 4826 percusserit.
930 4747 1069 4810 Primum
1092 4747 1174 4810 enim
1195 4746 1226 4808 id
1247 4752 1299 4809 est
1313 4745 1459 4809 exterius
