3022 5234
348 275 833 356 De'nbsidioneeiusque
856 273 1146 338 instrumentis·
1175 309 1185 324 s
1317 277 1378 341 101

135 461 210 522 Non
234 459 285 520 diu
305 479 384 521 vero
407 461 488 521 baec
509 459 645 521 bostium
669 468 755 522 tecta
775 459 864 518 ecies
885 458 1015 541 resistit,
1037 460 1100 540 tx,
1121 457 1200 519 516:

217 572 384 630 Inmunem
412 571 526 630 Teucri
544 571 655 630 molem
676 569 860 645 calcentque
880 573 1060 646 ruuntque,¹
1105 612 1109 620 .

220 672 311 747 Onne
330 678 445 734 stravit
463 675 601 736 Rutulos
621 675 695 747 dote,
717 688 985 750 armorumque
1004 673 1135 733 recoluit

227 782 423 857 Tepmino.
1033 827 1036 836 .

137 887 232 965 Quae
253 906 410 948 armorum
432 888 572 968 tegmina
593 892 717 949 omnino
740 886 931 949 testudinem
952 873 1101 950 efficiunt.
1137 884 1318 967 Quaeritur,
1341 906 1382 948 eu

89 989 92 995 ’
137 994 179 1078 ii,
201 995 272 1055 441.
297 995 410 1057 eudem
431 1004 569 1057 constet:

189 1112 192 1119 '
219 1102 281 1164 Sic
300 1084 441 1163 Martem
460 1107 656 1181 indomitum,-
680 1105 875 1182 Danaosque
895 1105 939 1163 sd
958 1111 1042 1179 tecto
1057 1109 1187 1166 mentis
1211 1150 1216 1158 .

220 1211 1111 1289 Cernimusecoeeeumpuecerateatudtnettmeu.
1150 1250 1165 1267 ι.
1234 1260 1257 1269 ..
1292 1259 1296 1265 .

139 1313 251 1376 Obiter
281 1317 413 1378 intuenti
437 1319 625 1382 vocabulum
646 1337 773 1399 agere
792 1319 840 1378 ite
854 1316 981 1379 dictum
1002 1318 1138 1397 uidetur,
1158 1327 1194 1379 ut
1215 1320 1320 1381 miuus
1343 1318 1383 1380 de

137 1421 296 1483 bominum
312 1423 428 1484 'ordine
447 1429 626 1505 composito
644 1443 681 1486 se
694 1425 734 1488 ed
752 1446 858 1488 muros
872 1438 1030 1501 movente,
1042 1428 1160 1496 sed-de.
1173 1430 1380 1493 instrumento

137 1529 281 1589 externis
302 1529 493 1592 adiumentis
512 1534 602 1612 pulso
617 1532 816 1611 adhibeatur3
840 1543 937 1614 etque
958 1535 1040 1596 hene
1052 1537 1383 1616 criminationumque

136 1635 285 1696 machino
308 1637 359 1718 sit,
383 1656 467 1716 quae
490 1655 510 1698 a
533 1638 741 1718 VegetioIV,
758 1638 804 1698 14.
826 1638 1027 1718 describitur,
1041 1641 1123 1701 tueri
1135 1639 1381 1720 possitflteser

137 1745 175 1805 Β.
198 1740 281 1805 Gerr.
306 1744 356 1824 V,
389 1745 446 1808 43:
478 1747 637 1821 onustes,
667 1748 802 1808 maximo
833 1748 970 1808 clamore
991 1746 1150 1825 insecuti,
1181 1746 1384 1827 quasi-parta

139 1854 201 1913 iam
235 1863 333 1933 atque
364 1856 530 1933 explorate
557 1855 714 1934 victoria,
747 1863 850 1917 turres
878 1854 1180 1935 testudinesque
1207 1873 1329 1937 egere
1352 1864 1384 1915 et

136 1961 234 2023 scalis
268 1962 385 2024 vallum
413 1961 610 2023 adscendere
639 1961 852 2042 coeperunt«
906 1965 950 2039 11,
985 1962 1037 2027 123
1076 1962 1233 2038 „Castris
1254 1961 1384 2023 muniti&

136 2074 285 2132 vineas
308 2089 450 2150 ogere,
472 2069 678 2152 qtreequeud
700 2070 946 2151 oppugnandum
968 2073 1040 2133 usui
1060 2079 1167 2148 erunt,
1200 2087 1385 2152 comperero

136 2179 272 2258 coepit«
323 2179 396 2239 biv.
421 2179 517 2261 XXI,
545 2179 575 2243 7.
629 2180 697 2242 Sed
726 2200 767 2240 ne
798 2183 895 2241 verbo
917 2198 1038 2262 agere
1060 2189 1093 2241 te
1115 2179 1216 2260 decipi
1238 2179 1382 2259 patierin,

135 2293 265 2348 aveto.
308 2285 466 2364 Quemvis
490 2291 571 2350 enim
598 2289 741 2351 machine
772 2290 896 2368 proprie
923 2292 979 2371 ogi
1009 2287 1146 2362 dicetur,
1184 2286 1382 2351 nihilomiuus

132 2393 271 2456 utilitum
301 2413 428 2476 quoque
454 2413 571 2477 agmen
592 2397 624 2457 in
645 2396 839 2457 testudinem
862 2397 1085 2478 conglobatum
1106 2404 1139 2456 et
1160 2376 1383 2475 glomeratum,

133 2518 235 2582 quum
262 2520 387 2564 ornnem
416 2503 557 2564 habitum
589 2521 795 2584 personarum
824 2523 927 2584 paene
954 2480 1127 2583 perdiderit
1147 2509 1243 2582 etque
1264 2501 1296 2561 in
1311 2518 1381 2570 rem

133 2611 179 2672 sit
206 2614 346 2688 mutata,
382 2612 456 2692 pelli
484 2612 503 2672 i.
529 2622 560 2672 'e.
588 2611 782 2693 sepeliere,
816 2613 868 2694 ogi
897 2611 916 2671 i.
947 2629 974 2672 e.
997 2628 1034 2671 se
1055 2628 1154 2694 ogere
1177 2612 1299 2688 optime
1321 2606 1383 2670 dici

131 2727 244 2800 petest
265 2719 381 2782 Latina
408 2719 655 2796 cousuetudine,
684 2732 781 2800 etque
802 2722 887 2780 omni
906 2716 1104 2779 dubitatione
1126 2715 1254 2780 sublate
1274 2718 1309 2777 in
1325 2715 1381 2778 ilio

136 2843 236 2887 versu
257 2826 317 2905 lx,
337 2826 415 2887 505:
1058 2833 1061 2837 '
1144 2882 1147 2887 .
1374 2834 1378 2847 ·

220 2933 418 2994 Adcelerant
436 2942 526 2995 ocio
546 2938 669 3012 pariter
688 2933 896 2994 testudine
922 2931 1037 2996 Volsci.
1097 2986 1139 2993 ,.

134 3058 252 3102 revera
273 3039 392 3101 dicitur.
435 3040 555 3103 Firmet
577 3039 662 3100 iruue
682 3028 832 3118 sensnm,
856 3037 940 3117 quod
961 3037 1180 3103 obsessum
1200 3041 1294 3103 limen
1316 3058 1381 3098 vo-

134 3156 244 3228 cetur,
279 3148 476 3210 multitudine
508 3148 630 3210 scilicet
659 3166 783 3225 eorum,
816 3148 869 3226 qui
892 3146 991 3207 dense
1012 3148 1175 3208 testudine
1196 3145 1380 3211 succedunt

134 3256 209 3318 Une
230 3268 336 3317 autem
358 3255 501 3316 machina
524 3260 647 3335 portam
668 3253 812 3323 obsideri
829 3255 900 3334 quis
921 3246 1110 3320 contendat!
1128 3247 1174 3301 '—
1208 3255 1281 3316 Hae
1301 3273 1380 3316 vero

133 3364 315 3427 testudines
337 3363 474 3425 testibus
497 3363 592 3423 bivio
615 3361 738 3436 XLIV,
759 3362 789 3430 9.
810 3368 844 3424 et
862 3361 1020 3452 puntiau.
1042 3363 1143 3423 Maro.
1165 3362 1380 3442 xxv1,e‚e.

129 3489 233 3553 :prope
255 3489 379 3532 murum
398 3469 562 3548 elatiores,
585 3469 614 3528 iu
638 3466 742 3536 medio
761 3468 883 3540 sensim
906 3464 1138 3547 depressiores,
1160 3470 1191 3529 in
1205 3467 1269 3537 fine
1287 3491 1380 3554 quem

134 3584 273 3645 maxime
295 3580 469 3642 inclinatae,
483 3574 708 3649 reddebantur,
734 3577 782 3646 ite
801 3583 835 3647 ut
855 3573 920 3647 teia
943 3574 996 3634 vei
1020 3593 1103 3637 sexa
1125 3595 1143 3637 e
1165 3595 1255 3643 muro
1279 3585 1378 3647 missa

133 3689 404 3778 noniaederent,
436 3685 496 3748 sed
520 3684 630 3747 imbris
659 3684 690 3744 in
714 3681 839 3747 modum
865 3682 988 3744 lubrico
1016 3681 1148 3766 fastigio
1178 3685 1308 3749 innoxia
1336 3685 1377 3748 ad

133 3802 233 3864 imum
253 3799 445 3860 iuberentur.
1078 3784 1081 3791 ’

215 3907 246 3968 2.
287 3905 340 3967 Ad
361 3922 468 3965 muros
489 3902 616 3983 propius
638 3901 805 3984 aggressis
825 3916 904 3979 opus
925 3907 1012 3979 erat,
1044 3906 1078 3959 ut
1099 3918 1181 3979 quoe
1201 3901 1375 3964 interiece-

132 4025 182 4078 ret
202 4015 320 4076 fossa
342 4013 581 4092 impieretur
608 4010 836 4089 vallumque
858 4005 1128 4073 scinderetur.
1169 4006 1228 4089 lx,
1250 4007 1329 4069 505:

215 4123 413 4185 Adcelerant
433 4127 506 4182 octo
525 4123 647 4196 pariter
668 4120 826 4179 testudine
852 4117 884 4176 V
882 4117 963 4175 uisci
987 4204 989 4209 Ι

214 4234 264 4294 ut
278 4236 387 4312 fossus
409 4231 531 4315 inplere
548 4235 669 4307 paroni
689 4208 733 4286 cc*
746 4226 861 4285 cellere
882 4224 1010 4317 callnnt.

132 4344 195 4421 rx,
218 4316 297 4409 aer:
374 4414 377 4421 ¹
486 4410 489 4417 ,

127 4516 131 4523 ,
332 4514 336 4523 ,
385 4448 549 4509 Incndnnt
567 4451 599 4504 et
613 4445 723 4524 fossos
744 4461 862 4519 cepere
883 4441 1039 4520 conplent.

129 4571 195 4637 cru·
214 4586 381 4652 competes
399 4565 498 4643 vCttes.
522 4564 664 4647 udalr.
687 4565 744 4644 111,
766 4564 801 4626 5:
825 4563 1053 4643 „Quum-77-
1069 4559 1320 4643 languidioribus
1334 4594 1375 4606 -

126 4676 433 4760 postrispadium
460 4672 655 4755 scindere
686 4681 719 4751 et
739 4673 887 4737 ¹fossus
919 4669 1130 4751 complere
1159 4666 1371 4748 coepissent«

126 4791 184 4866 111,
207 4788 264 4852 25:
288 4790 353 4852 eibi
376 4788 545 4871 quumtdii
566 4785 1004 4885 10181191111111119111·
1026 4802 1087 4851 „a
1110 4780 1154 4862 V,
1176 4779 1214 4841 51
1227 4781 1373 4856 audit·-
