3022 5234
207 241 264 303 194
634 243 691 302 lle
720 249 806 302 arte
828 241 1000 320 magica.

283 423 380 485 Stant
400 445 475 484 orne
496 431 629 505 circum,
650 431 682 482 et
701 427 919 501 oriniaeffuoo
939 423 1101 502 sacerdos,
1309 509 1311 513 Ι

285 532 343 593 Ter
367 540 491 592 centron
512 539 601 591 tonat
619 551 673 591 ore
694 534 779 606 droa,
799 532 1001 610 Erebumque
1021 531 1196 608 Chaosque.

286 642 561 719 Terpemiaompoe
584 639 738 710 Hecaten,
760 642 822 698 trio
841 642 975 714 cirpim'r
997 658 1054 698 ora
1073 638 1209 699 Dioaoe.

200 743 302 821 Quem
332 765 495 807 numerum
521 746 582 807 alio
604 745 674 807 loco
687 745 823 807 'uberius
843 743 1062 826 explicandum
1085 747 1155 824 ipso
1176 751 1272 823 poeta
1293 737 1443 798 inlustrat

198 853 308 933 Eolog.
331 853 421 913 Vlll.
442 851 499 916 73:

285 963 387 1022 Temo
408 964 464 1022 titt
483 964 561 1022 tono
577 967 715 1040 primum
737 964 856 1039 triplici
874 964 999 1022 diverso
1019 961 1122 1021 colore

279 1070 370 1130 Licin
392 1071 562 1144 circumdo,
586 1076 695 1147 terque
717 1070 800 1128 dano
822 1070 937 1128 altorio
960 1074 1079 1128 circam

280 1177 430 1256 Effipr'em
452 1180 533 1238 duco
539 1199 552 1254 ;
572 1196 703 1238 noemam
724 1180 802 1237 deur
822 1180 934 1255 inpare
950 1179 1080 1253 prodet.

201 1275 264 1341 Cir.
285 1279 364 1344 368:

281 1388 328 1447 At
348 1394 472 1467 oretria),
492 1392 605 1469 patulo
638 1410 818 1467 conponam
838 1392 973 1468 sulpura
992 1398 1085 1472 teoto,
1158 1412 1160 1417 ·

281 1496 475 1558 Narcissum
496 1504 676 1577 casiamque
695 1502 810 1560 terias
831 1501 997 1560 contundit
1016 1500 1144 1577 olentes,

286 1604 406 1682 Terque
426 1622 547 1665 novum
569 1606 648 1682 tipo!
668 1606 788 1683 triplici
806 1608 930 1666 diverso
952 1606 1056 1667 colore

193 1756 204 1768 .
279 1709 373 1769 Filo:
400 1712 458 1772 Ter
478 1717 512 1770 in
531 1717 686 1790 premium
706 1731 836 1789 mecum,
859 1716 973 1794 inquit,
995 1715 1113 1792 despue
1132 1721 1232 1796 oiryo,

281 1819 411 1894 Despne
434 1827 493 1900 ter,
514 1823 621 1898 oirpo;
642 1837 772 1880 rtumero
794 1821 872 1879 deuo
892 1825 1005 1897 inpare
1023 1824 1150 1899 pandet.

162 1910 168 1922 ’
199 1924 308 1985 'l'ibull
333 1928 356 1997 1,
380 1926 411 2001 2,
431 1926 488 1987 54:

281 2034 345 2093 'l'er
369 2051 460 2110 cane,
483 2041 531 2093 ter
553 2032 645 2094 dictis
667 2031 791 2114 despue
813 2035 1011 2097 carminibus.

200 2137 293 2216 Quod
316 2140 443 2202 numina
460 2139 585 2217 attinet,
607 2138 689 2218 apud
711 2140 876 2203 Horatium
898 2160 1025 2223 quoque
1048 2143 1116 2205 Sat.
1138 2145 1163 2218 l,
1184 2145 1215 2223 8,
1241 2144 1294 2206 1³:

498 2244 644 2306 Hecaten
675 2256 771 2308 vocat
792 2247 902 2330 altera,
925 2266 1058 2312 saevam

279 2354 391 2416 Altera
413 2350 622 2434 Tisiphonen:
861 2334 866 2347 Ι

198 2468 295 2539 atque
318 2457 450 2523 Canidia
469 2459 519 2522 24
540 2479 638 2541 passo
657 2461 771 2543 capillo
794 2464 898 2524 ululat.
941 2464 1023 2525 Aen.
1046 2465 1106 2544 lV,
1127 2465 1208 2530 512:

281 2567 457 2645 Sparserat
475 2575 507 2629 et
526 2570 637 2629 totiaco
657 2572 822 2632 simulator
840 2574 942 2653 foratis
963 2572 1093 2634 Aoerm'.

199 2676 309 2737 Horat.
331 2676 432 2756 Epod.
454 2676 498 2756 V,
519 2677 576 2739 25:
632 2702 634 2706 ’

366 2785 410 2847 At
433 2785 581 2865 expedita
605 2787 739 2871 Sagana
760 2807 817 2869 per
837 2798 935 2850 totam
958 2788 1100 2873 domumx

406 2896 573 2980 Spargens
597 2898 775 2960 Avernales
795 2916 896 2977 aquas

364 3005 481 3065 Horret
501 3004 632 3086 capillis.

201 3110 260 3189 lV,
284 3110 361 3174 513:

283 3219 436 3280 Foloiiuo
456 3226 630 3279 ormenae
650 3220 694 3279 od
711 3218 838 3280 Lunam
860 3229 1058 3300 quaerantur
1080 3227 1170 3284 aenio

284 3327 443 3386 Pallentes
465 3327 579 3386 derlee
598 3329 686 3402 m'pri
706 3346 778 3386 cum
798 3327 881 3386 lacte
902 3332 1021 3390 veneni.

201 3434 314 3515 Eclog.
337 3433 430 3510 Vlll,
450 3430 507 3492 95:

282 3543 353 3602 Hos
376 3541 491 3600 derina
511 3540 613 3619 adque
635 3541 715 3599 hoec
736 3540 838 3601 Ponto
859 3541 938 3599 milri
958 3540 1037 3602 tecto
1059 3559 1179 3601 veneno

282 3651 357 3725 Ipse
377 3649 463 3707 dedit
483 3646 604 3707 Moeris
609 3667 622 3724 ,·
644 3652 825 3706 tonsorentur
842 3646 994 3722 pluruma
1013 3647 1126 3707 Ponto.

282 3758 345 3817 His
367 3775 423 3832 epo
445 3774 540 3832 coepe
560 3755 668 3833 lupam
686 3759 759 3832 sieri
778 3760 809 3812 et
828 3772 863 3812 ae
885 3756 1019 3814 condere
1039 3755 1128 3815 silvia

283 3866 544 3940 Moerim‚·soepe
564 3865 688 3923 ooirnoa
709 3863 782 3919 imis
801 3862 910 3918 eucire
931 3861 1113 3936 aeprdolrru'o

284 3971 399 4051 Adpne
419 3978 508 4032 sotor
529 3971 590 4029 alio
611 3971 677 4027 aidi
696 3969 862 4029 traducere
883 3974 1005 4029 messio.

202 4105 355 4172 Fulcitur
376 4110 465 4168 nenia
489 4103 603 4165 herbas
623 4104 751 4184 quaeri,
780 4101 965 4164 Macrobius
987 4101 1036 4180 V,
1068 4101 1114 4162 19.
1137 4102 1236 4162 voluit
1256 4101 1441 4185 Vergilium

202 4217 408 4300 etragoedia
445 4215 498 4276 illa
526 4210 694 4292 Sophoclis
736 4210 871 4303 habere,
902 4228 962 4290 qua
992 4209 1110 4271 Medea
1136 4211 1297 4273 maleficas
1326 4210 1443 4275 herbas

166 4324 178 4355 ·‘
203 4338 295 4391 secat
321 4317 502 4402 χαλκέοισιν
528 4303 703 4401 δρεπάνοις
728 4325 760 4377 et
787 4333 920 4377 succum
947 4315 1111 4376 herbarum
1141 4318 1172 4375 in
1201 4318 1300 4378 cados
1321 4337 1442 4380 aeneos

204 4432 366 4518 χαλκέοισι
387 4418 498 4501 κάδοις
518 4428 670 4506 refundit3
705 4425 765 4487 sed
790 4423 873 4485 idom
893 4425 963 4505 ipse
983 4423 1221 4500 animadvertit,
1253 4429 1380 4492 omnino
1404 4429 1443 4491 ad
1501 4505 1503 4510 ἲ

200 4564 270 4612 rem
302 4545 438 4608 divinam
464 4538 614 4621 ploraque
644 4553 745 4598 aenea
773 4531 915 4594 adhiberi
940 4532 1033 4593 solita
1062 4542 1095 4594 et
1121 4534 1221 4595 verba
1248 4555 1267 4594 e
1290 4535 1445 4602 Carminii

203 4658 282 4719 libro
305 4653 344 4715 de
371 4651 461 4714 ltalia
489 4651 527 4713 ll.
559 4648 661 4730 ponite
701 4645 814 4706 „Prius
841 4644 949 4722 itaque
976 4641 1163 4704 ot.'l'usoos
1185 4661 1287 4705 aeneo
1311 4665 1445 4710 vomere

204 4766 262 4845 uti,
285 4780 378 4843 quum
403 4760 613 4822 conderentur
632 4755 738 4830 urbes,
763 4752 888 4831 solitos,
899 4751 930 4812 in
952 4751 1116 4832 Tageticis
1139 4771 1245 4814 eorum
1268 4757 1375 4818 sacris
1396 4757 1447 4819 iu-
