3022 5234
135 245 178 308 80
220 248 277 310 De
298 242 407 309 binis
427 244 661 324 hastilibus,
685 246 791 331 pilis,
813 244 1051 329 missilibus,
1072 238 1248 330 spiculis
1269 257 1332 315 eet.

222 428 386 509 [Aeneas]
410 434 485 509 Ipse
505 451 568 492 nno
589 432 738 508 yruditur
760 435 927 493 comitatus
946 430 1073 493 Achate

217 541 268 600 Bi
273 558 322 599 na
342 557 440 598 manu
461 540 524 597 luto
545 542 694 614 crispans
714 538 888 598 bestilia
905 541 1004 617 ferro.

135 667 207 743 (cf.
230 669 336 759 Varro
359 669 442 749 apud
464 669 592 752 Lydum
617 668 657 730 de
677 672 819 753 magistr.
840 672 877 736 P.
898 671 937 735 R.
961 675 987 754 l,
1015 672 1076 747 ta.)
1099 673 1271 751 Xll,16‹l:

571 780 665 855 Biqia
685 782 712 840 it
736 779 863 841 diurnus
883 785 917 840 in
939 783 1033 865 albic,

217 889 303 948 Bina
322 905 421 972 manu
440 885 455 945 1
460 892 525 947 oto
546 888 694 964 crispans
715 887 846 948 bestilia
864 890 989 969 ferro.

135 1019 200 1080 x11
234 1017 313 1082 488:
342 1080 344 1084 ,

202 1062 301 1187 ’Huic
322 1126 508 1206 Messapus,
529 1129 579 1187 uti
597 1125 687 1187 laeva
707 1127 782 1187 duo
798 1129 885 1208 forte
902 1131 1037 1205 gerebat

213 1233 355 1311 Lentu,
381 1233 459 1293 levis
480 1253 589 1306 cursu,
610 1238 759 1313 praefica
781 1236 962 1297 ductilia
980 1239 1080 1315 ferro.

133 1363 196 1442 (of.
217 1365 280 1446 ΧΙ,
302 1366 391 1440 650.)
413 1387 452 1429 en
476 1368 516 1428 ed
537 1367 702 1431 Romanos
724 1367 853 1449 potius?
874 1369 910 1431 ld
931 1371 1013 1433 euim
1035 1368 1098 1434 iam
1120 1380 1276 1434 attentum
1299 1371 1374 1434 red-

131 1471 188 1533 dat
219 1474 370 1536 lectorem
395 1482 529 1554 oportet,
553 1475 638 1555 quod
659 1476 713 1557 V,
734 1476 806 1538 557.
827 1477 859 1539 in
881 1477 954 1539 ludo
978 1479 1112 1562 Troiae,
1138 1499 1231 1562 quem
1254 1483 1377 1569 Vergi-

131 1583 193 1644 lius
215 1583 285 1644 sine
309 1580 404 1644 dubio
425 1582 465 1643 ad
489 1602 560 1644 eum
583 1582 710 1644 modum
732 1600 826 1663 quarn
848 1585 1017 1647 verissime
1032 1589 1202 1673 expressit,
1225 1591 1266 1656 ad
1282 1612 1374 1676 quem

136 1692 285 1772 Augusto
307 1691 454 1753 hortante
474 1690 598 1753 Romae
620 1691 745 1771 publico
765 1693 894 1756 habitus
916 1702 976 1774 est,
999 1695 1088 1775 pueri

220 1826 344 1889 Cornea
365 1823 458 1887 bino
476 1829 589 1905 ferunt
605 1833 753 1907 praefica
774 1829 954 1889 bestilia
971 1833 1070 1912 ferro.

131 1957 202 2032 (ubi
232 1957 370 2020 Baebius
401 1960 513 2021 Macer
540 1966 627 2020 testo
658 1961 776 2023 Servio
806 1959 903 2043 dixit,
933 1961 973 2023 ab
995 1962 1143 2042 Augusto
1164 1962 1289 2042 pueris,
1322 1962 1375 2043 qui

131 2064 273 2128 luserant
301 2066 443 2148 Troiam,
474 2066 608 2130 donatas
636 2087 710 2130 esse
737 2070 851 2152 galeas
875 2077 908 2129 et
929 2069 1002 2131 bine
1024 2068 1175 2142 hastilia.)
1210 2068 1254 2132 Ut
1278 2070 1376 2132 verbo

130 2172 246 2253 dicam,
270 2172 435 2256 quodiam
457 2185 550 2238 antea
573 2175 698 2256 quidam
722 2186 809 2239 reete
827 2185 1007 2256 senserunt,
1032 2194 1093 2237 uon
1112 2195 1260 2237 uumerus
1277 2178 1376 2261 solus,

130 2281 189 2361 sed
211 2301 263 2344 res
285 2301 324 2345 ec
345 2284 446 2346 forma
467 2284 512 2344 rei
534 2284 710 2347 Romanum
732 2284 860 2345 redolet.
902 2285 1025 2346 Poetae
1048 2283 1088 2344 ob
1111 2284 1222 2345 oculos
1246 2293 1374 2348 versata

129 2399 203 2454 sunt
224 2391 295 2453 bina
317 2390 368 2453 illa
389 2392 478 2474 pila,
501 2411 583 2473 quae
606 2391 741 2454 hastatis
763 2389 829 2453 dari
850 2391 1003 2453 solebant.
1038 2392 1129 2452 Haec
1149 2391 1232 2454 euim
1255 2412 1369 2455 revere

129 2496 195 2559 lato
216 2497 300 2561 ferro
321 2507 395 2561 sunt
415 2499 559 2581 praedita
581 2508 613 2561 et
633 2498 785 2580 praelixa.
834 2495 958 2559 Audias
980 2496 1147 2577 Polybium
1167 2497 1226 2568 Vl,
1256 2498 1308 2572 23,
1338 2501 1374 2563 s:

131 2595 224 2691 Πρῦς
246 2601 283 2667 δὲ
304 2592 432 2679 τούτοις
454 2596 548 2669 ῦσσοὶ
570 2594 629 2669 δύο
650 2641 690 2652 -
704 2642 746 2652 -
759 2601 867 2667 τῶνδ’
887 2593 993 2666 ῦσσιῦν
1008 2596 1089 2665 εἰσὶν
1104 2597 1136 2665 οὶ
1159 2599 1219 2684 μὲν
1243 2607 1370 2685 παχεῖς,

137 2711 169 2777 οἱ
191 2711 228 2778 δὲ
249 2712 375 2779 λεπτοί.
396 2710 460 2775 τοῦν
481 2711 518 2775 δὲ
540 2709 764 2799 στερεοντὲριον
785 2707 817 2774 οὶ
846 2708 906 2793 μὲν
927 2699 1114 2796 στρογγύλοι
1142 2710 1373 2778 παλαιστιαίαν

130 2813 241 2899 ἔχουσι
261 2811 318 2905 τήν
334 2810 519 2906 διάμετρον·
530 2815 562 2883 οἱ
578 2816 614 2881 δὲ
629 2807 823 2903 τετράγωνοι
842 2806 900 2902 τῆν
913 2803 1066 2900 πλευράν·
1089 2810 1169 2898 o‘t'ye
1183 2806 1247 2902 μήν
1257 2814 1373 2883 λεπτοὶ

129 2925 289 3011 σιβονίοις
310 2926 436 2993 ἐοίκασι
456 2924 661 3012 συμμέτροις,
683 2913 742 2998 οῦς
761 2920 901 3010 φοροῦσι
921 2913 1006 3002 μετα
1032 2920 1096 2986 τιῦν
1119 2923 1371 3011 προειρημένων.

127 3026 280 3103 ἁπάντων
310 3033 347 3099 dd
381 3024 504 3099 τούτων
536 3031 596 3096 τοῦ
630 3021 727 3111 ξύλου
755 3021 793 3094 τῦ
824 3018 928 3116 μῆκός
959 3025 1046 3093 ε’στιν
1066 3021 1112 3105 ιῦς
1131 3032 1222 3117 τρεῖς
1242 3022 1370 3119 πήχεις.

30 3186 34 3196 ·
128 3134 453 3232 προσήρμοσται
484 3139 514 3203 d’
535 3130 684 3214 ἑκάστοις
717 3134 843 3220 βέλος
866 3135 1060 3223 σιδηροῦν
1092 3129 1373 3226 οἷμκιστριοτόν

128 3256 332 3335 (hamatum),
355 3249 424 3315 ἴσον
443 3242 515 3330 ε”χον
535 3240 574 3313 τῦ
595 3247 698 3336 μῆκος
720 3252 790 3324 τοῖς
810 3239 928 3333 ξύλοις.
950 3253 1067 3334 Veget.
1086 3253 1112 3335 1,
1126 3253 1186 3317 20:
1210 3251 1372 3333 „blissilia

129 3376 251 3446 autem,
274 3366 392 3445 quibus
415 3365 561 3426 utebatur
582 3363 740 3445 pedestris
762 3364 936 3439 exercitus,
959 3364 1022 3444 pila
1032 3363 1239 3440 vocabantur,
1260 3365 1372 3426 ferro

129 3471 236 3534 subtili
260 3475 385 3554 trigono
406 3472 610 3553 praefixa,
633 3474 797 3533 unciarum
819 3491 937 3534 novem
969 3472 1040 3533 sive
1077 3470 1192 3552 pedali,
1228 3471 1315 3552 quod
1337 3473 1367 3533 iu

129 3588 258 3643 scutum
281 3580 380 3643 fixum
401 3600 464 3642 uon
485 3589 597 3662 posset
618 3577 779 3656 abscindi,
810 3588 844 3640 et
865 3579 995 3641 loricam
1026 3578 1163 3640 scienter
1191 3599 1229 3641 ac
1250 3580 1372 3643 fortiter

131 3687 291 3751 directum
311 3691 403 3753 facile
423 3692 612 3773 perrumpit3
635 3689 727 3751 cuius
748 3689 876 3771 generis
898 3687 982 3768 apud
998 3706 1055 3749 uos
1078 3697 1110 3748 et
1125 3687 1187 3747 iam
1208 3704 1282 3748 rara
1299 3694 1372 3749 sunt

12 3859 15 3867 .
129 3800 224 3862 tela.“
247 3802 288 3880 ll,
314 3802 367 3863 15:
397 3805 497 3880 „ltem
519 3802 702 3879 [habebant]
724 3802 815 3862 bina
837 3802 1022 3883 missilia,
1045 3821 1141 3862 unum
1155 3799 1271 3884 maius,
1285 3802 1371 3864 ferro

130 3908 304 3990 triangulo,
327 3907 485 3969 unciarum
509 3911 641 3988 novem,
663 3905 768 3969 hastili
781 3905 894 3987 pedum
908 3907 1042 3988 quinque
1056 3906 1164 3978 semis,
1183 3905 1266 3986 quod
1276 3907 1372 3988 pilum

129 4015 300 4088 vocabant,
325 4035 407 4077 nunc
428 4016 581 4097 spiculum
605 4015 725 4094 dicitur,
748 4048 789 4058 —
803 4048 845 4059 -
867 4011 950 4074 aliud
974 4012 1091 4092 minus,
1113 4013 1197 4073 ferro
1210 4014 1370 4098 triangulo

130 4123 294 4185 unciarum
316 4123 463 4203 quinque,
488 4122 593 4185 hastili
615 4123 705 4184 trium
728 4119 843 4203 pedum
856 4119 1060 4201 semis,quod
1082 4102 1156 4180 tuuc
1166 4120 1368 4194 verriculum,

117 4247 216 4295 ‘nunc
235 4238 386 4291 verutum
407 4228 546 4293 dicitur.“
574 4230 656 4310 Lyd.
680 4230 817 4311 magistr.
839 4229 876 4294 P.
899 4227 939 4291 R.
960 4228 987 4309 l,
1011 4226 1066 4288 12:
1107 4214 1213 4309 Στολή
1235 4214 1371 4307 ῦὲρτύτε

131 4333 230 4402 παντὶ
243 4333 292 4419 τῷ
307 4325 479 4416 Ῥωμαικῷ
491 4323 711 4419 στρατεύματι
729 4330 800 4413 μιά,
810 4328 1052 4420 περικεφαλαία
1063 4329 1166 4417 χαλκῆ
1185 4328 1239 4394 καὶ
1249 4320 1369 4416 θώραξ

126 4436 284 4536 κρικωτός
313 4439 367 4506 καὶ
391 4437 488 4528 ξίφος
518 4430 624 4503 πλατῦ
644 4430 789 4521 κολοβόν,
822 4431 1009 4531 ᾑιορημένον
1031 4434 1096 4521 ε’πὶ;
1119 4436 1179 4502 τοῦ
1205 4427 1371 4521 εὐωνύμου

128 4553 244 4644 μηροῦ,
266 4549 321 4618 καὶ
342 4539 510 4616 ἀκόντια
520 4543 577 4611 ἐπὶ
594 4543 652 4632 τῆς
663 4543 774 4625 δεξιᾶς
787 4537 879 4627 ζδύο,
900 4545 1057 4629 γλωχῖνας
1075 4542 1235 4621 πλατείας
1254 4538 1369 4625 ἔχοντα

129 4685 159 4725 κ.
179 4686 209 4727 τ.
228 4661 257 4730 λ.
297 4665 351 4726 Ne
370 4681 449 4725 vero
472 4658 609 4744 dubites,
633 4657 708 4740 quin
734 4656 817 4721 haec
846 4676 964 4722 revera
992 4656 1185 4749 avergillo‘
1216 4655 1370 4739 adoptata

136 4771 212 4847 siut,
232 4771 310 4844 ΧΗ,
334 4771 407 4834 121:
