3022 5234
487 228 545 289 De
565 214 766 309 phalange
789 235 830 289 et
851 235 1031 292 caterva.

700 514 734 602 a.
756 520 806 583 aa.

490 675 549 727 lle
566 674 773 741 phalange
794 676 836 727 et
852 678 1028 731 caterva.

226 841 367 922 Vegetio
389 842 419 902 ll
426 886 437 924 ,
459 843 489 906 2.
514 848 599 903 teste
620 841 855 924 „Maeedones‚
889 839 1023 918 Graeci,
1046 846 1185 910 Dardani
1205 847 1386 932 phalanges

142 947 318 1009 habirerunt
344 956 377 1010 et
396 948 427 1008 in
448 966 513 1009 una
533 948 694 1032 phalange
714 957 904 1012 armatorum
934 960 1008 1013 octo
1041 953 1127 1020 milia
1163 964 1384 1018 censuerunt«

142 1054 297 1132 Quamvis
320 1055 372 1118 hic
392 1055 560 1117 Dardanos
584 1047 699 1119 videas
722 1056 899 1119 nominatos
920 1058 1163 1142 Vergiliumque
1184 1063 1277 1125 etiam
1301 1063 1385 1144 pha-

138 1167 234 1247 lange
255 1183 347 1227 usum
368 1164 477 1244 possis
498 1170 658 1226 auctorem
679 1162 774 1225 fidum
797 1171 831 1225 et
851 1173 1036 1228 accuratum
1064 1167 1244 1252 vindicare,
1276 1172 1386 1233 taten-

140 1273 215 1335 dum
239 1282 360 1353 tamen,
389 1271 604 1334 Macedonum
634 1272 833 1351 potissimum
859 1272 1049 1356 phalangem
1078 1277 1195 1359 tuisse,
1224 1283 1317 1342 cuius
1338 1286 1385 1344 rei

141 1382 361 1444 documentum
393 1399 456 1441 non
490 1397 571 1461 opus
599 1388 650 1441 est
680 1390 714 1441 ut
742 1380 872 1441 Livium
902 1381 965 1456 IX,
1003 1382 1050 1443 19.
1082 1385 1162 1446 alios
1190 1384 1384 1455 adferamus.

141 1493 257 1574 Neque
283 1501 411 1572 poetam
442 1492 517 1554 inde
547 1509 703 1554 excusare
731 1492 761 1552 in
792 1491 896 1553 animo
927 1499 994 1570 est,
1032 1490 1115 1572 quod
1147 1491 1261 1555 eodem
1289 1495 1383 1558 Livio

140 1600 238 1680 Vlll,
266 1601 296 1665 8.
324 1607 454 1662 auctore
475 1599 689 1662 Romanorum
711 1598 801 1660 tuere
821 1605 942 1679 „antea
964 1598 1141 1681 phalanges
1163 1598 1284 1661 similes
1305 1602 1383 1662 Ma-

140 1708 314 1790 cedonicis,
335 1740 378 1753 -
398 1715 513 1788 postea
534 1703 749 1787 manipulatim
770 1712 891 1766 structa
911 1705 1000 1766 acies
1025 1705 1129 1787 coepit
1150 1707 1299 1766 esse—“
1322 1708 1382 1770 sed

139 1816 202 1878 hoc
222 1817 324 1878 solum
351 1816 380 1876 ei
405 1814 629 1890 concedamus,
650 1821 686 1875 ut
706 1813 905 1876 diversarum
928 1822 1069 1876 aetatum
1090 1814 1298 1896 gentiumque
1320 1834 1381 1896 ap-

137 1934 279 2008 paratum
302 1922 506 2005 ordinemque
528 1923 691 1984 militarem
721 1926 871 1985 carminis
894 1922 1026 1984 ornandi
1047 1921 1256 2004 variandique
1277 1929 1381 2010 gratia

141 2032 351 2114 adoptaverit.
409 2034 526 2113 Neque
546 2033 590 2093 ita
617 2050 732 2094 vocem
760 2032 845 2094 illam
878 2032 1016 2094 velimus
1044 2035 1207 2116 accipere,
1245 2046 1279 2095 ut
1308 2047 1381 2097 octo

140 2140 225 2202 milia
245 2158 266 2202 a
285 2148 380 2220 poeta
399 2140 586 2203 dinumerari
609 2147 802 2222 argutemur,
826 2140 885 2202 sed
909 2150 944 2203 ut
964 2141 1148 2222 simpliciter
1170 2143 1271 2228 aciem
1292 2151 1382 2204 stru-

138 2258 224 2312 ctam
252 2256 349 2330 atque
381 2246 532 2311 directam
562 2247 780 2329 intelligamus.
837 2247 887 2309 De
922 2246 1029 2310 classe
1061 2250 1143 2336 adeo
1180 2249 1296 2312 dictum
1333 2259 1383 2311 est

139 2360 183 2442 11,
202 2355 280 2422 254:

222 2468 355 2529 Etiam
375 2466 496 2544 Arpina
514 2465 707 2544 phalarum
727 2451 902 2524 instructio
916 2466 1049 2525 nacitur
1070 2465 1141 2525 ilat.

139 2573 385 2655 Conspiciuntur
407 2573 496 2653 apud
510 2573 630 2634 interos
653 2571 693 2632 ab
714 2572 829 2651 Aenea
851 2571 911 2650 Vl,
932 2570 1010 2632 489:

282 2685 432 2744 Danaum
448 2699 599 2759 proceres
618 2676 950 2758 Aqurrremuortiueque
967 2677 1211 2756 phalonpee.

141 2787 304 2852 Occiditur
325 2789 448 2852 Aeolus
470 2788 546 2869 ΧΗ,
569 2785 657 2846 544;’

216 2879 218 2883 ’
476 2895 618 2972 Arpioae
638 2915 729 2974 quem
751 2914 815 2955 uon
832 2901 964 2973 potuere
983 2893 1222 2971 phalanper

224 3008 385 3070 Sternere.

141 3116 294 3182 Pallantis
318 3129 434 3195 corpus
456 3112 517 3193 xl,
538 3110 597 3176 923

509 3219 639 3280 Maesta
657 3219 849 3297 plruluuu
873 3218 1048 3297 Teucrique
1067 3225 1230 3279 secuntur.

135 3334 286 3416 Pugnant
307 3333 384 3415 ΧΠ,
404 3329 483 3392 551:

221 3443 457 3519 Taurorumque
472 3438 675 3517 piretune
695 3435 907 3514 Euandrique
928 3432 1075 3494 Arcades
1096 3434 1176 3495 aiae.

87 3591 93 3602 -
134 3550 309 3629 Messapus
333 3556 365 3610 et
385 3548 500 3610 Atinas
522 3549 624 3607 aciem
646 3553 839 3619 sustentant,
862 3542 938 3622 xil,
961 3541 1039 3603 662:

505 3655 635 3723 Circum
656 3655 715 3714 hoa
736 3657 895 3731 utrimque
910 3650 1141 3728 plraioupea

217 3765 313 3826 Sicut
335 3764 461 3824 densae.

134 3873 233 3934 Immo
256 3873 455 3936 nominantur
476 3880 548 3933 octo
571 3871 686 3932 iratres
706 3871 780 3950 ΧΠ,
802 3869 881 3932 277:

427 3986 570 4041 animoso
588 3980 783 4058 platano:
804 3995 1004 4058 accensoque
1023 3976 1122 4039 luctu.

132 4117 176 4178 ita
199 4122 234 4176 ut
256 4131 317 4176 nou
338 4115 479 4192 numeri,
510 4109 567 4173 scd
596 4109 790 4185 fortitudinis
812 4113 1003 4193 virtutisque
1024 4128 1044 4171 a
1065 4117 1161 4190 poeta
1182 4109 1213 4171 in
1234 4111 1297 4172 hoc
1321 4131 1385 4173 vo-

130 4225 245 4288 cabulo
266 4222 447 4287 adhibendo
467 4225 624 4285 rationem
647 4222 787 4285 habitam
808 4239 884 4284 esse
905 4219 1082 4285 videamus.

233 4353 396 4437 Vegetius
418 4355 519 4435 11,u:
545 4352 666 4434 „Galli
690 4344 800 4437 inqn'it,
825 4362 920 4434 atque
942 4351 1094 4414 Celtiberi
1117 4353 1287 4435 pluresque
1304 4355 1382 4419 bar-

130 4462 260 4526 baricae
285 4461 431 4523 nationes
453 4460 594 4521 catervis
617 4459 788 4522 utebantur
810 4461 840 4522 in
859 4460 995 4541 proelio,
1017 4458 1048 4519 in
1069 4458 1181 4541 quibus
1199 4471 1289 4524 erant
1305 4481 1386 4526 sena

127 4570 211 4633 milia
239 4561 472 4633 armatorum.“
519 4567 568 4628 'du
598 4575 752 4647 nepotes
774 4576 902 4648 poetam
924 4564 1083 4630 Gallicum
1107 4565 1182 4647 quid
1208 4565 1386 4631 Celtiberi·

129 4694 243 4738 cumve
263 4679 296 4739 in
318 4679 425 4739 animo
446 4675 611 4756 habuisse,
634 4674 759 4756 quando
783 4675 861 4757 Vll,
873 4676 952 4740 sot:

458 4785 620 4848 Florentia
644 4805 718 4847 aere
741 4793 955 4869 caterona,
