3022 5234
145 206 205 272 ¹26
644 206 900 271 lleoavibus.

141 384 246 453 Acilio
269 389 391 472 posita,
424 387 564 470 pluribus
583 405 759 471 aggressus
781 390 927 472 navibus,
951 389 980 452 in
1004 390 1118 472 quibus
1138 384 1179 453 ad
1201 390 1310 453 libram
1333 392 1388 454 fe·

143 505 232 558 cerat
253 505 375 575 turres,
405 505 440 556 ut
461 516 503 556 ex
526 495 680 576 superiori
710 514 859 578 pugnans
890 497 962 558 loco
991 528 1036 571 -,
1060 530 1100 541 —-
1129 498 1389 563 atlitcrsariorum

144 624 256 666 manus
280 602 472 666 diduceret.“
515 602 637 664 Deinde
660 605 694 664 Β.
718 601 799 665 Gall.
824 605 880 684 ΙΙΙ,
909 605 957 667 ΙΙ.
1000 606 1172 668 u'l'urribus
1195 621 1302 670 autem
1325 629 1387 670 ex·

144 713 249 775 citatis
270 723 375 774 tamen
396 713 454 773 has
476 711 608 774 altitudo
631 716 782 794 puppium
806 733 846 776 ea
870 714 1008 777 barbaris
1030 715 1262 795 [Venetorum]
1289 716 1387 778 uavi-

144 821 202 882 bus
224 821 424 902 superabat“
467 819 710 893 Flor.tv‚1t:
745 819 892 902 oQtrippa
913 842 932 883 a
953 825 1094 885 senislrr
1117 843 1260 886 novenos
1282 843 1390 884 remo·
1437 813 1440 821 ’

144 950 213 990 rum
236 929 403 1005 ordinibus,
424 947 444 989 a
464 928 527 990 hoc
547 929 728 990 turribus
749 939 844 1012 atque
860 930 1007 993 tabulatis
1022 933 1171 995 allevatis
1188 931 1391 996 castellorum

145 1038 198 1098 vel
221 1036 340 1097 urbium
363 1034 471 1114 specie
497 1050 559 1094 non
581 1034 649 1095 sine
670 1038 790 1117 gemitu
813 1036 909 1096 maris
931 1044 963 1096 et
978 1036 1093 1098 ‘labora
1115 1047 1285 1101 ventorum
1300 1040 1392 1102 fere-

145 1138 292 1207 bantur.“
334 1143 453 1206 Verum
476 1143 541 1204 huc
564 1163 625 1204 non
647 1145 813 1224 pertinent,
833 1164 915 1225 quae
937 1146 967 1206 in
991 1146 1059 1225 ipsa
1082 1145 1316 1228 Syracusarum
1337 1166 1393 1229 per

145 1254 332 1315 Marcellum
354 1252 587 1334 oppugnatione
600 1271 683 1315 anno
700 1253 741 1315 V.
762 1252 799 1315 C.
814 1255 1035 1319 bxxxvut.
1053 1274 1073 1317 a
1089 1256 1182 1316 bivio
1199 1258 1329 1331 XXIV,
1343 1255 1394 1318 st.

147 1369 362 1423 memorantur
380 1368 483 1421 turres
502 1359 737 1437 contabulatae,
757 1362 839 1442 quire
855 1359 894 1421 ad
910 1362 1009 1422 solam
1028 1380 1182 1422 murorum
1199 1361 1393 1424 obsidionem

147 1471 313 1553 pertinent.
351 1470 386 1530 ln
409 1471 513 1530 numia
535 1486 660 1549 quoque
682 1467 815 1529 turritae
836 1486 959 1549 puppes
980 1466 1132 1529 interdum
1154 1469 1395 1550 conspiciuntur.

231 1578 347 1658 Neque
369 1577 443 1638 illud
463 1574 698 1658 negligendum,
722 1573 803 1655 quod
828 1575 936 1637 fausta
959 1576 1127 1638 occasione
1151 1575 1256 1637 oblata
1277 1587 1394 1640 nautae

146 1707 271 1774 puppes
303 1686 502 1750 coronabant.
547 1689 595 1748 lta
617 1685 675 1767 tv,
705 1685 774 1748 418.
817 1684 1022 1745 Troianorum
1044 1684 1084 1746 de
1110 1683 1306 1768 Carthagine
1331 1685 1390 1747 de·

148 1798 317 1862 cedentes:

229 1905 394 1983 Puppibus
415 1910 446 1962 et
465 1904 542 1963 loeti
560 1907 679 1961 acutae
701 1904 868 1978 inposuere
888 1918 1033 1960 coronas.

149 2009 252 2088 Quem
281 2008 430 2070 italorum
457 2025 574 2067 morem
604 2006 704 2067 fuisse
733 2007 794 2066 iam
822 2024 863 2066 ax
892 2005 990 2087 ipsius
1023 2005 1121 2066 nostri
1151 2010 1388 2090 comparatione

153 2115 274 2199 Georg.
302 2117 325 2192 Ι,
343 2113 416 2176 30³
439 2115 589 2195 percipis:

233 2227 299 2288 Ceu
318 2244 450 2301 pressae
473 2243 544 2283 eorm
565 2226 629 2283 ium
648 2229 773 2299 portum
796 2227 925 2298 tetrpere
945 2228 1086 2299 curione,

231 2334 395 2412 Puppibus
418 2338 449 2390 et
468 2332 544 2390 loeti
564 2337 682 2389 nuutoe
702 2333 870 2406 inposuere
891 2349 1034 2391 coronas.

151 2443 216 2522 Qui
237 2441 297 2502 loci
319 2440 362 2500 ita
385 2437 547 2520 differunt,
578 2448 611 2498 ut
635 2438 674 2497 illi
697 2435 773 2499 veld
795 2436 907 2500 danim
927 2457 1029 2500 naves
1051 2448 1181 2520 ornent,
1209 2441 1241 2503 hi
1265 2463 1345 2506 vero
1367 2446 1393 2506 in

149 2558 271 2634 portum
296 2544 399 2608 delati.
442 2544 523 2607 Rem
553 2545 698 2606 inlustrat
720 2542 851 2605 Sueten.
877 2545 973 2607 viteli
1005 2545 1060 2607 10:
1100 2549 1268 2629 »Namque
1289 2551 1395 2612 itinere

149 2659 296 2722 inchoato
319 2678 375 2737 per
397 2656 516 2718 medias
539 2658 688 2718 civitates
711 2656 771 2716 ritu
792 2657 1044 2736 triumphantium
1055 2669 1169 2721 rectus
1191 2672 1258 2736 est,
1281 2681 1395 2742 perque

120 2767 275 2839 ,hermina
306 2764 539 2826 delicatissimis
578 2767 716 2846 navigiis
742 2773 775 2826 et
805 2770 1011 2858 prariarom
1049 2785 1290 2830 coronarum
1327 2786 1394 2848 go-

150 2892 244 2934 nere
266 2870 475 2932 redimitis
499 2873 577 2932 inter
599 2873 837 2952 profusissimos
869 2878 1071 2953 opsoniorum
1094 2859 1284 2956 apparatus,
1315 2872 1396 2934 nulla

149 2980 287 3043 familiae
314 2987 368 3039 aut
391 2978 496 3038 militis
532 2978 717 3061 disciplina,
749 2982 876 3059 rapinas
906 2998 945 3041 ac
979 2984 1181 3062 petulantiam
1205 2985 1343 3045 omnium
1367 2981 1395 3041 in

151 3093 253 3152 iocum
277 3082 443 3149 vertens.“
488 3087 580 3150 Ovid.
612 3090 742 3148 Metam.
764 3087 838 3161 XV,
869 3090 948 3152 696:

235 3198 332 3257 'forta
354 3206 579 3258 coronatae
600 3195 728 3258 solvunt
751 3197 924 3259 retinacula
944 3195 1104 3276 puppis.

151 3305 261 3368 vater.
285 3305 389 3366 Flacc.
413 3305 532 3387 Argon.
564 3307 589 3384 Ι,
613 3304 694 3366 301:

234 3412 317 3474 Visa
346 3420 570 3474 coronatae
600 3410 725 3494 fulgens
747 3413 844 3472 tutela
867 3411 1045 3470 cariuae.

153 3518 341 3597 Quaesitum
366 3537 442 3589 uero
472 3538 588 3602 saepe,
625 3529 726 3581 utrum
747 3521 778 3581 in
801 3520 894 3600 puppi
916 3521 954 3579 au
977 3521 1006 3579 in
1028 3535 1120 3598 prora
1142 3517 1241 3576 tutela
1263 3497 1394 3578 navium

152 3630 258 3692 suerit.
302 3627 627 3712 Distinguendasunt
650 3630 814 3708 insigne
837 3639 868 3687 et
899 3627 1036 3687 tutela.
1080 3625 1190 3705 Prius,
1225 3623 1309 3704 quod
1337 3643 1399 3685 non

154 3737 202 3798 dei
224 3738 276 3797 vel
298 3734 379 3795 deae
408 3735 539 3796 alicuius
564 3738 732 3817 imaginem
754 3735 812 3796 sed
836 3736 971 3795 ferarum
995 3724 1047 3794 vel
1070 3742 1279 3792 monstrorum
1304 3731 1401 3792 fabu-

153 3843 290 3902 losorum
311 3839 488 3915 exhibebat,
511 3841 541 3899 in
556 3860 648 3920 prora
665 3839 760 3900 lixum
787 3848 864 3899 erat.
887 3839 956 3913 (Cf.
972 3837 1099 3899 Antich.
1116 3834 1262 3898 d'blrcol.
1283 3838 1329 3919 V,
1355 3835 1401 3916 Ι.)

156 3949 224 4009 'l'ali
248 3950 371 4008 ratione
393 3951 442 4030 Χ,
472 3949 543 4010 1563

889 4029 1012 4090 Aeneia
1030 4032 1148 4106 puppis

239 4138 350 4198 Primo
373 4145 466 4218 tenet,
490 4143 625 4197 rostro
646 4137 808 4214 Pbrypt'os
831 4139 999 4197 subiuncta
1021 4137 1135 4195 leones.

158 4244 208 4305 ubi
230 4253 353 4320 rostro,
382 4261 495 4323 prorae
517 4241 638 4321 itaque,
659 4239 820 4321 Phrygios
840 4241 952 4301 leones
971 4241 1156 4302 subiunctus
1179 4260 1253 4301 esse
1274 4252 1402 4322 notato3

154 4370 263 4414 verum
287 4351 314 4411 si
337 4361 430 4430 poeta
450 4348 569 4428 pergit:

238 4463 385 4521 Imminet
405 4459 466 4517 Ida
486 4476 596 4535 super,
617 4459 764 4536 prosapia
785 4459 972 4533 protisas'mu
996 4456 1135 4516 Teucria.

242 4569 305 4627 Hic
327 4583 466 4642 mopsus
486 4568 575 4624 sedet
592 4563 735 4642 Aeaeus,
757 4584 927 4643 secumque
949 4565 1072 4625 volutat

241 4676 387 4735 Euentus
409 4674 483 4733 tetta·
504 4678 622 4750 varios,
642 4673 819 4749 Pallasque
839 4676 970 4731 sinistro

238 4780 381 4858 Adfixus
404 4779 498 4838 lateri
518 4782 582 4837 ium
603 4782 729 4858 quaerit
748 4778 855 4836 sidera
876 4819 884 4835 .
906 4819 914 4834 .
938 4819 977 4838 ..
