3022 5234
582 254 641 315 De
671 253 758 317 inre
779 253 953 334 privato.
1315 247 1379 313 2:3³

134 440 221 523 poris
243 448 456 519 corruptorum
477 436 748 498 adumbrationem
771 435 893 520 Georg.
915 435 956 511 ll,
974 430 1169 495 soa-512.
1195 430 1380 495 consideras

133 566 327 631 versumque
349 546 486 628 inprimis
507 544 591 608 5103
660 614 674 642 0

215 655 409 717 Pulsatueoe
427 671 547 730 pareus
568 659 599 713 et
615 655 713 732 fraus
735 655 859 712 iuuene
880 651 996 711 clienti.

132 762 217 825 houd
239 761 414 838 dubitabis,
441 759 515 841 quin
536 767 622 822 oerta
644 757 743 820 eladis
767 759 930 820 Marianae
952 758 1005 818 vel
1033 755 1184 818 Sullanae
1205 756 1256 816 vel
1280 759 1377 820 etiam
1435 820 1438 829 ,

132 870 348 933 triumviratus
376 871 460 930 aetio
489 868 593 929 animo
614 875 729 947 poetae
750 869 791 929 sit
811 867 991 929 observata.
1036 865 1087 928 Cl.
1116 865 1201 927 Plor.
1247 865 1309 941 lV,
1340 866 1379 928 63

133 975 234 1054 „Quis
257 995 313 1055 pro
335 974 521 1054 indignitate
543 973 587 1033 rei
608 991 668 1034 non
690 974 897 1056 ingemiscat,
931 991 1025 1054 quum
1055 973 1214 1034 Antonius
1243 974 1380 1037 huoium

133 1082 310 1146 Caesarem
332 1079 521 1143 avnnoulum
543 1098 644 1156 suum,
667 1081 808 1160 Lepidus
829 1082 962 1145 Luctum
986 1078 1128 1142 Paullum
1144 1079 1272 1141 fratrem
1294 1098 1375 1159 pro-

132 1187 374 1272 seripseriutl“
390 1188 472 1254 6093

186 1348 190 1357 .
214 1301 408 1362 Pulsatuooe
425 1321 546 1379 puram
569 1306 602 1360 et
617 1303 715 1378 (rous
736 1303 857 1358 tuueea
880 1299 994 1362 clienti.

135 1406 229 1468 Prius
250 1408 368 1470 orimen
390 1409 526 1471 Servius
549 1406 589 1468 ad
612 1405 768 1486 Oedipum
793 1405 860 1466 lraii
892 1405 1117 1466 exstinctorem
1150 1401 1281 1483 rettulit,
1316 1398 1377 1463 sed

133 1511 204 1594 ipso
239 1519 342 1577 sensit
371 1516 473 1576 levius
504 1513 567 1575 hoe
597 1514 665 1574 loeo
690 1512 751 1574 diei
777 1513 927 1590 pulsatus
955 1510 1113 1592 parricidii
1135 1509 1379 1590 comparatione.

128 1620 310 1702 Utrumque
329 1621 447 1682 erimen
469 1641 488 1682 e
511 1621 635 1701 legibus
656 1619 810 1683 Romanis
832 1617 958 1680 videtur
981 1636 1057 1680 esse
1079 1616 1308 1679 adumbratum.
1338 1617 1375 1677 ln

133 1728 220 1810 ragis
251 1728 359 1790 Servii
390 1729 482 1790 'Pollii
510 1729 635 1809 legibus
668 1737 753 1789 teste
785 1727 885 1790 Peste
914 1728 1066 1808 seriptum
1094 1737 1179 1790 erate
1225 1726 1269 1789 Si
1303 1744 1376 1807 pa-

132 1845 283 1898 rentem
307 1855 404 1916 puer
425 1836 623 1911 verberit,
644 1844 709 1915 ast
733 1833 807 1896 olle
829 1833 1037 1915 plorassit,
1054 1828 1154 1914 puer
1176 1832 1287 1896 divis
1308 1854 1378 1914 pa-

132 1957 284 2008 rentum
316 1961 428 2005 saoer
457 1942 582 2006 estod.
614 1944 666 2006 ct.
689 1945 805 2008 Seneo.
827 1952 968 2007 oontrov.
1003 1944 1120 2024 1x‚2:
1145 1944 1377 2025 „Quipotrem

131 2048 319 2130 pulsaverit,
351 2069 462 2112 manns
490 2051 518 2113 ei
548 2045 803 2130 praecidantur.“
848 2050 900 2112 Ad
926 2050 1059 2112 alterum
1091 2052 1286 2114 referendum
1311 2062 1372 2133 est,

133 2155 218 2237 quod
236 2157 373 2220 Servius
395 2178 413 2219 e
436 2157 585 2239 legeXll
598 2157 791 2220 'l'abulorum
811 2157 930 2220 adfert:
954 2148 1160 2241 Patronus
1182 2161 1214 2222 si
1237 2161 1376 2222 olienti

132 2265 316 2328 fraudem
345 2266 513 2347 feeerit,
546 2284 662 2328 saoer
694 2277 794 2328 esto.
838 2267 889 2327 Ex
921 2284 982 2346 quo
1019 2268 1195 2346 posteriore
1226 2268 1373 2347 exemplo

133 2373 349 2434 manifestiore
380 2378 494 2435 certior
520 2371 556 2434 fir
587 2374 697 2454 prioris
736 2375 816 2434 ratio
846 2373 886 2435 de
915 2383 1045 2454 parente
1067 2373 1166 2436 laeso.
1213 2371 1376 2434 Certiores

131 2477 231 2560 igitur
252 2477 330 2539 faeti
351 2496 478 2554 sumus,
501 2479 593 2540 etiam
616 2487 787 2560 sequentes
809 2496 924 2540 versus
944 2478 985 2540 od
1008 2479 1223 2544 Romanorum
1245 2483 1298 2544 vel
1322 2482 1375 2545 ht-

135 2588 267 2647 storiam
290 2588 343 2648 vel
360 2586 463 2670 legem
487 2597 649 2667 spectare:

212 2693 282 2755 Aur
300 2698 356 2773 qui
375 2692 491 2757 dieitur
511 2696 573 2756 soli
591 2698 760 2756 incubuere
781 2703 928 2780 repertis,

213 2803 283 2864 Nee
300 2810 424 2881 purtem
443 2823 578 2882 posttere
598 2807 678 2884 ortu,
700 2824 782 2884 ortae
803 2811 946 2866 maximo
967 2809 1100 2870 turbant.

131 2936 180 2998 'l'u
202 2933 310 2997 eonfer
336 2931 457 3013 Georg.
481 2935 522 3009 ll,
542 2932 621 2997 507:

150 3064 154 3071 '
213 3059 327 3122 Condit
346 3078 421 3135 opes
441 3059 525 3120 olaus
546 3060 732 3139 defossoque
754 3063 886 3123 incubat
905 3082 993 3125 auro.

127 3192 228 3254 Porro
251 3193 422 3273 puniuntur
442 3193 523 3255 Aen.
545 3193 606 3273 Vt,
626 3196 704 3259 olax

213 3325 336 3406 Quique
358 3328 394 3387 od
416 3328 605 3389 adulterium
628 3309 726 3407 onesi,
747 3337 862 3408 quique
883 3352 972 3392 ormo
992 3337 1096 3394 aeoutt'
1174 3346 1176 3352 ’

210 3436 325 3516 Impia,
349 3454 406 3495 nee
428 3439 520 3496 veriti
538 3438 733 3498 dominorum
750 3439 867 3516 fallere
888 3441 1032 3504 dextros.
1087 3431 1090 3437 ⁸

127 3566 178 3629 De
193 3567 291 3645 primo
304 3555 434 3628 erimine
450 3567 601 3630 Servius:
625 3567 681 3642 „Si
695 3569 803 3648 oeoisi,
824 3570 1013 3652 Aegisthum
1030 3572 1190 3654 signifieat
1206 3575 1372 3658 'l'hyestae

129 3672 238 3752 lilium,
260 3673 287 3733 si
309 3691 422 3734 revera
444 3673 543 3756 onesi,
561 3675 749 3750 Salustium,
770 3693 861 3755 quem
881 3677 959 3740 Milo
970 3676 1200 3760 deprehensum
1222 3685 1283 3747 sub
1298 3704 1372 3748 ser-

130 3780 186 3842 vili
206 3779 317 3841 babitu
340 3779 522 3841 verberavit
545 3781 574 3842 in
596 3780 750 3842 adulterio
769 3801 848 3844 suae
870 3786 990 3862 uxoris,
1007 3785 1091 3849 filiae
1102 3790 1248 3855 Sullae.“
1274 3791 1371 3859 Caedi

129 3886 250 3950 dietum
271 3897 348 3968 puto
371 3907 426 3970 pro
450 3887 562 3967 oeeisi,
595 3895 629 3947 ut
649 3889 777 3970 saepius
806 3890 889 3970 opud
918 3892 1095 3976 Vergilium
1123 3904 1219 3979 atque
1246 3901 1278 3963 in
1298 3904 1371 3965 uni-

128 4014 259 4059 versum
293 4016 399 4059 earum
430 3996 605 4058 eivitatium
627 3997 773 4060 instituta
795 4004 949 4078 spectari,
972 4003 1096 4082 -quibus
1127 4005 1287 4072 adulterer
1308 4010 1370 4072 de-

130 4101 305 4182 prehensos
326 4105 432 4165 neoari
453 4103 568 4167 licebat
589 4121 608 4165 a
630 4107 757 4167 moritis.
789 4106 908 4170 Eadem
932 4113 1054 4174 ratione
1082 4121 1139 4194 qur·
1157 4138 1247 4180 ormo
1268 4126 1372 4183 secuti

130 4214 226 4289 nupta
251 4210 281 4271 in
310 4209 494 4272 universum
515 4210 536 4273 ii
558 4221 645 4294 sunt,
662 4214 715 4294 qui
729 4213 1029 4297 adversuspotriam
1053 4219 1135 4285 bella
1150 4223 1256 4286 civilia
1279 4243 1370 4288 oom-

127 4330 309 4400 moverunt,
333 4317 415 4400 quod
430 4317 554 4381 Romae
567 4337 799 4401 saepenumero
816 4323 933 4386 laetum
957 4344 1032 4389 esse
1046 4330 1177 4407 seimus,
1198 4333 1284 4395 nulla
1299 4335 1369 4398 sin-

127 4425 195 4511 guli
217 4426 350 4490 alieuius
373 4426 536 4490 dictatoris
549 4429 671 4490 ratione
685 4428 802 4497 habita.
823 4430 958 4509 Etenim,
979 4433 1145 4520 utGoorg.
1167 4437 1292 4520 ll,505.
1305 4441 1367 4509 aitt

211 4560 275 4621 Hie
292 4564 372 4637 petit
391 4559 525 4620 certatis
545 4561 654 4620 urbem
675 4564 868 4642 maternaque
887 4565 1034 4646 Penatis,

213 4664 261 4728 Ut
275 4683 400 4742 pemmo
420 4666 504 4726 utut
522 4669 554 4726 et
575 4663 721 4728 Sarrano
744 4668 880 4730 dormint
897 4678 994 4737 ostro.

127 4770 236 4854 Atque
257 4773 337 4835 Aeo.
357 4773 415 4852 vt,
438 4771 515 4835 6213
