3022 5234
525 245 582 307 De
605 247 713 308 urbis
736 244 984 323 condendae
1004 265 1121 310 more.

765 592 797 681 δ.
823 597 870 659 19.

516 747 576 809 lte
593 745 711 803 urbi·
729 746 967 807 condendae
984 759 1114 808 ruore.

203 918 208 928 '
279 913 341 993 Qui
363 915 404 979 ad
425 935 530 979 novae
552 917 639 978 urbis
660 918 713 979 vel
735 915 881 978 eoluniee
903 912 1159 977 aedificationem
1192 915 1275 998 opud
1297 892 1441 976 nostrum

198 1020 283 1085 obvii
304 1030 379 1085 sunt
400 1021 488 1099 ritus,
510 1022 530 1087 ii
551 1043 612 1085 non
635 1043 676 1085 ex
700 1022 843 1105 impolito
865 1021 1076 1105 antiquissimi
1091 1022 1243 1102 temporis
1264 1022 1443 1084 rusticitate

195 1112 329 1211 preteeti
348 1137 436 1211 sunt,
467 1130 526 1193 sed
548 1132 619 1194 lteli
639 1130 776 1193 hominis
797 1131 934 1212 probunt
959 1130 1225 1212 imaginationem,
1247 1131 1300 1214 qni
1321 1133 1376 1193 vel
1399 1152 1441 1193 ex

197 1216 394 1303 bistoriavel
416 1259 458 1301 ex
480 1237 604 1301 eolonia
624 1238 656 1300 in
674 1240 746 1301 loeo
758 1237 927 1327 peregrine
943 1255 1002 1299 suo
1026 1245 1169 1320 tempore
1186 1237 1324 1302 deducta
1336 1241 1442 1305 omnia

198 1346 297 1429 probe
321 1354 528 1430 cognoverat.
569 1347 707 1409 Primum
740 1345 822 1408 enim
851 1362 931 1426 opus
960 1351 1047 1425 eret,
1080 1353 1117 1406 ut
1138 1353 1354 1426 optaretur
1383 1346 1443 1410 diis

198 1453 383 1536 auspicibus
403 1455 494 1522 loeus
517 1455 597 1537 ipse.
618 1455 696 1517 lnde
717 1454 875 1531 lll,’108:

286 1563 426 1626 Teucrus
445 1565 606 1626 Rhoeteas
623 1569 795 1643 primumst
813 1566 964 1625 advectus
985 1564 1029 1624 ad
1047 1583 1122 1624 oros

283 1671 520 1752 Optavitque
540 1673 643 1734 locum
664 1690 772 1750 regno.
1176 1668 1180 1673 ’

199 1774 259 1860 111,
285 1777 359 1841 132:
958 1849 961 1857 ¹

281 1888 372 1966 Erue
392 1891 504 1951 avidus
525 1909 634 1951 loures
654 1895 818 1969 optatae
841 1887 952 1949 molior
972 1888 1070 1949 ordio.

200 1994 228 2075 1,
250 1992 328 2056 425:

283 2102 369 2163 Pare
389 2109 526 2182 optare
547 2104 650 2166 locum
670 2112 761 2169 teoto.

200 2203 295 2269 Hane
317 2207 398 2269 enim
421 2226 535 2272 vocem
558 2217 623 2272 tam
644 2210 828 2273 sollemnem
850 2210 902 2272 hio
924 2229 999 2273 esse
1020 2229 1112 2292 reor,
1146 2227 1239 2290 quem
1268 2214 1442 2293 inoptata

200 2312 306 2376 hostia
325 2315 410 2397 opud
431 2318 573 2380 Festum.
606 2318 729 2381 Deinde
759 2321 827 2380 solo
858 2320 937 2382 satis
966 2329 1134 2402 spectato,
1165 2319 1250 2402 quod
1281 2320 1442 2386 includere

201 2419 320 2484 vellent
334 2423 483 2507 spatium,
504 2422 610 2488 erutro
633 2426 846 2491 circumducto
868 2428 996 2510 signore
1017 2429 1172 2491 solebant.
1194 2429 1239 2513 V,
1261 2427 1339 2490 755:

286 2535 415 2594 Interea
435 2534 565 2596 Aeneas
585 2536 694 2597 urbem
716 2537 740 2599 d
745 2541 828 2614 θείᾳ
837 2544 906 2597 irat
926 2543 1073 2598 aratro.

200 2637 254 2700 ubi
276 2637 428 2702 Servius:
452 2640 577 2718 „Quem
600 2640 682 2705 Ceto
705 2642 735 2703 in
759 2643 931 2725 originibus
953 2643 1027 2705 dicit
1055 2661 1173 2704 morem
1195 2642 1307 2707 fuisse.
1352 2641 1442 2706 Con-

201 2745 320 2807 ditores
341 2746 423 2808 enim
446 2748 588 2810 civitatis
608 2756 731 2810 taurum
754 2750 784 2810 in
806 2749 968 2825 dextram,
1000 2769 1135 2820 voooam
1156 2750 1346 2812 intrinsecus
1372 2749 1443 2810 inn-

201 2852 330 2934 gebant,
355 2862 387 2915 et
408 2854 536 2916 ineinoti
556 2855 619 2915 ritu
643 2854 768 2918 Gabino
790 2855 809 2916 i.
833 2876 860 2917 e.
883 2865 980 2939 togae
1002 2866 1093 2936 parte
1109 2872 1204 2937 eaput
1219 2858 1329 2937 velati,
1352 2867 1442 2936 parte

202 2965 355 3028 sueeineti
377 2966 525 3028 tenebunt
555 2967 673 3028 stivam
692 2966 872 3046 incurvam,
904 2975 940 3028 ut
966 2964 1081 3047 glebae
1117 2984 1227 3027 omnes
1256 2966 1443 3027 intrinsecus

201 3072 363 3157 eliderent,
385 3074 481 3136 etita
502 3073 592 3135 sulen
615 3073 711 3135 ductu
735 3073 807 3134 loca
830 3093 986 3135 murorum
1008 3071 1218 3156 designabant
1247 3081 1351 3137 aratra
1383 3092 1443 3134 su-

201 3179 394 3263 spendentes
416 3184 502 3243 eirea
523 3183 596 3244 loeo
615 3181 805 3264 porterum.“
828 3179 880 3243 Cf.
904 3180 1009 3243 Varro
1033 3182 1072 3242 L.
1093 3182 1130 3242 L.
1154 3181 1196 3242 V.
1212 3180 1329 3256 §.1432
1352 3180 1444 3261 „Op-

202 3289 277 3371 pida
301 3286 479 3353 condebant
500 3289 531 3350 in
552 3288 647 3350 Latio
667 3288 839 3351 Etrusco
870 3288 968 3358 ritu,
1002 3295 1034 3349 ut
1058 3289 1172 3371 multa,
1199 3287 1305 3350 idest
1326 3287 1441 3349 iuuetis

203 3397 315 3477 bobus,
338 3407 428 3460 tauro
450 3406 482 3459 et
502 3416 604 3460 vueea
625 3398 783 3480 interiore,
805 3408 910 3461 aratro
934 3398 1187 3479 eirenmegebant
1209 3399 1344 3458 sulcum.
1370 3397 1443 3458 lloo

202 3505 363 3568 iaciebant
384 3505 547 3589 religionis
568 3523 666 3568 eausa
689 3505 740 3568 die
762 3507 941 3588 auspicato,
972 3515 1007 3568 nt
1037 3507 1128 3567 fossa
1161 3512 1193 3565 et
1219 3522 1310 3564 muro
1332 3512 1443 3583 essent

203 3609 345 3679 munru‘.
365 3612 405 3677 n.
427 3613 467 3678 n.
489 3615 533 3695 11,
567 3614 593 3678 1.
622 3614 787 3696 Inscriptio
821 3614 916 3677 osen.
938 3612 1038 3677 ense:
1080 3610 1225 3675 russv.
1249 3593 1443 3675 ruenni-

204 3716 348 3782 unlus,
381 3718 617 3813 consutus.
650 3719 755 3798 QVA.
787 3721 1024 3785 ARA'l'RVM.
1053 3718 1261 3783 Dvcuvnt.
1283 3720 1378 3781 EST.
1411 3727 1444 3781 et

204 3823 397 3886 'l'erraeinee
419 3833 451 3886 et
475 3824 606 3906 Capuae
635 3826 767 3888 inventa
789 3833 851 3886 est.
892 3825 970 3887 Inde
1000 3828 1131 3889 Aeneas
1159 3828 1236 3908 Vll,
1259 3827 1327 3894 157.
1360 3825 1443 3908 opud

207 3929 336 3992 fluvium
369 3931 522 4015 Thybrim

533 4022 610 4097 Ipse
628 4021 742 4082 tremiti
760 4024 850 4084 desi
854 4028 952 4101 quat
972 4023 1094 4080 muenia
1110 4020 1213 4098 fossa.

206 4118 273 4183 Sed
296 4123 418 4205 mirum,
440 4124 524 4207 quod
544 4127 576 4189 in
596 4129 665 4207 ipsa
688 4127 886 4213 Carthagine
906 4148 969 4191 non
992 4127 1095 4188 solum
1110 4122 1215 4205 ntea.
1233 4145 1314 4202 paro
1328 4130 1443 4187 ducere

206 4248 331 4292 murem
351 4232 568 4317 aggrediatur,
592 4235 651 4297 sed
672 4235 749 4298 425:

289 4341 376 4401 Paro
396 4348 505 4418 optare
524 4343 627 4404 locum
650 4349 731 4404 teoto
752 4350 786 4403 et
804 4342 1056 4404 concludere
1079 4342 1205 4401 oeteo.
1289 4379 1290 4383 =

206 4446 358 4508 Privatae
378 4446 485 4529 itaque
505 4444 604 4511 aedes
624 4448 737 4511 eodem
756 4450 896 4512 Eltrnseo
911 4449 988 4512 ritu·
1001 4457 1236 4511 consecrantur.
1265 4446 1360 4526 Quod
1383 4468 1444 4510 non

206 4573 322 4616 revera
342 4553 474 4635 factum,
496 4555 556 4618 sed
577 4555 618 4617 de
639 4556 762 4637 publieo
784 4555 825 4618 ad
844 4558 1005 4638 privatum
1029 4556 1132 4621 solum
1154 4557 1444 4638 evergiliotrons-

207 4662 306 4724 letum
329 4681 403 4726 esse
418 4665 522 4731 eredo.
542 4668 680 4729 Servius
703 4665 855 4747 explieat:
890 4667 1035 4748 „Fossa3
1057 4667 1172 4729 civitas
1194 4667 1363 4747 enim‚non
1382 4666 1442 4728 do-

210 4785 294 4850 mus,
316 4771 526 4834 eirenmdotnr
547 4772 668 4833 suleo“.
693 4754 845 4835 Ceterum
865 4772 1006 4836 isidorus
1037 4773 1115 4856 XV,
1136 4774 1167 4845 2,
1189 4770 1219 4834 3.
1251 4773 1333 4836 duo's
1354 4775 1442 4836 loeos
