3022 5234
148 247 188 310 10
664 251 720 312 lte
741 249 865 332 regia.

144 433 302 495 cautiores
330 444 561 514 saepenumero
589 432 777 512 interpretes
804 432 887 494 lianc
908 430 1152 510 explicationem
1180 427 1383 506 abiecerunt3

143 544 251 602 ommia
272 541 354 603 enlm
372 544 419 603 ita
439 539 605 621 quadrant,
626 546 662 600 nt
680 539 766 601 hooc
785 537 856 600 sola
875 523 1004 619 species
1024 536 1286 598 animollarunis
1301 550 1386 615 pos·

142 647 186 709 ‘sit
209 661 287 710 esse
314 647 499 709 obversata.
548 647 733 724 Aupuottrm
761 654 858 710 vocat
889 653 1020 728 tectum,
1043 645 1163 725 ratione
1183 643 1321 727 quadam
1344 642 1385 706 ad

143 773 257 817 nomeu
278 760 380 837 ipsius
401 757 545 835 Augusti
566 754 684 836 habita,
719 752 979 836 quemadmodum
1003 751 1139 816 Ovidius
1156 753 1247 815 lt'ast.
1276 755 1302 828 1,
1321 753 1387 816 60⁹

143 862 254 924 -till'a
288 863 327 923 ab
351 862 659 943 etymologiahulns
678 861 830 923 vocabuli
852 861 895 923 ad
913 859 1064 922 heredem
1086 864 1166 922 tanti
1184 859 1384 943 cognominis

141 969 299 1050 aseendit,
321 977 417 1052 atquc
437 968 533 1030 Trist·
555 971 582 1050 1,
607 969 637 1051 1,
654 966 706 1030 71).
727 976 841 1050 aperta
863 968 973 1030 ltarnm
995 967 1119 1029 aedium
1139 968 1383 1051 significatione:

224 1079 577 1161 Forsitan-exspectes,
597 1083 685 1140 utin
707 1079 771 1140 alta
791 1078 916 1140 Palatia
937 1079 1068 1140 missum

308 1186 473 1251 Scandere
493 1197 527 1249 te
549 1187 675 1248 iubeam
698 1186 957 1268 Caesareamque
978 1184 1114 1246 domum.

225 1298 400 1380 lgnoscaut
421 1305 597 1380 augusta
618 1295 693 1356 mini
711 1293 904 1374 romolono
925 1293 1074 1355 locorum

314 1406 415 1468 Venit
434 1405 466 1466 lu
489 1405 551 1466 hoc
570 1403 624 1465 illa
646 1402 763 1465 fulmen
782 1399 826 1464 ab
847 1419 922 1464 arco
944 1411 1048 1482 caput.

142 1518 272 1598 lopun,
295 1522 422 1576 corolum
443 1513 575 1575 sublime
597 1513 755 1574 columnis
777 1512 925 1594 appellat.
948 1507 1050 1590 Quum
1073 1517 1219 1573 ornatum
1231 1509 1380 1589 quamvls

140 1623 181 1684 de
201 1623 271 1704 ipsa
290 1623 434 1684 Palatina
454 1619 548 1682 domo
571 1640 633 1681 non
655 1621 777 1702 possim
791 1620 1022 1702 demonstrare,
1037 1615 1252 1682 Romanorum
1274 1628 1381 1680 tamen

139 1733 276 1795 maxime
298 1733 397 1794 luisse
418 1730 513 1794 vides
535 1750 576 1792 ex
595 1731 807 1811 Hecatostylo
835 1749 935 1812 propo
956 1729 1100 1809 Pompeii
1120 1727 1285 1791 theatrum.
1327 1725 1381 1788 ct.

140 1841 277 1906 Martial.
297 1843 338 1917 tl,
363 1840 410 1917 ll,
429 1843 463 1902 9:

222 1945 300 2008 lude
319 1947 398 2026 petit
419 1953 579 2006 centum
602 1945 772 2027 pendentia
795 1952 880 2008 tecta
902 1945 1122 2007 columnis:

308 2054 393 2116 Hinc
414 2053 556 2135 Pompeii
577 2052 660 2115 dona
681 2072 858 2134 nemusque
880 2053 1008 2135 duplex.
1095 2130 1099 2142 υ

139 2161 267 2244 111,19,
292 2162 327 2222 1:

220 2268 372 2330 Proxima
392 2273 574 2333 centenis
596 2271 866 2333 ostenditnrursa
887 2272 1096 2355 columnis,

309 2378 475 2439 Exornent
496 2378 592 2441 lictae
613 2397 677 2460 qua
698 2379 869 2458 platanona
889 2378 989 2441 ferae.

142 2488 228 2551 Urba
246 2489 314 2567 fult
332 2507 465 2548 summo.
494 2488 628 2551 Servius
653 2487 696 2550 ad
717 2489 798 2550 Aen.
821 2488 885 2570 lV,
917 2487 995 2549 410:
1037 2488 1143 2551 »Aroe
1173 2507 1217 2550 em
1244 2509 1378 2566 autumo,

136 2615 248 2680 regum
270 2595 441 2677 enituluit,
463 2597 606 2660 liabitare
625 2597 658 2659 in
679 2597 807 2659 arcibus
829 2606 957 2678 propter
978 2597 1117 2660 tutelam.
1160 2599 1305 2679 Denique
1325 2600 1374 2670 (.)

138 2700 261 2763 Romae
283 2699 433 2774 Valerius
455 2719 551 2781 quum
572 2704 606 2762 in
627 2702 780 2782 Esquiliis
803 2703 928 2764 domum
949 2702 1082 2763 haberet
1105 2704 1301 2784 altissimam,
1325 2708 1379 2764 in-

135 2807 242 2870 vidiae
264 2827 362 2871 causa
382 2829 452 2871 earu
475 2809 700 2889 complanavit.
740 2811 823 2871 Item
837 2811 1008 2892 Augustus
1026 2817 1101 2890 post
1120 2810 1286 2872 Actiacum
1305 2812 1377 2872 bel-

138 2915 201 2976 lum
224 2915 375 2995 palatium
408 2935 450 2976 ex
481 2933 539 2975 suo
568 2923 741 2996 praecepto
762 2913 986 2992 aedificatum,
1017 2934 1113 2996 quum
1134 2926 1233 2981 ,essct
1265 2916 1380 2980 domus

136 3024 270 3104 privata,
295 3023 426 3087 donavit
446 3024 669 3104 reipublicae.o
692 3025 767 3086 Mos
790 3025 904 3089 deiude
925 3027 984 3088 tuit
1014 3028 1067 3088 tre
1085 3035 1211 3106 sceptra
1233 3033 1379 3108 occipere

137 3131 217 3193 nhoc
238 3131 270 3193 iu
291 3131 406 3212 palatio
428 3129 543 3191 ficiato
567 3132 611 3193 ait
632 3131 770 3194 Servius
790 3136 911 3197 ratione
933 3133 1003 3195 siue
1031 3133 1126 3195 dubio
1164 3137 1375 3216 posteriorum

134 3234 357 3322 imperatorum
379 3238 593 3301 Romanorum
616 3239 897 3319 nabito3et175:

659 3352 723 3412 Hic
745 3355 843 3412 ariete
865 3371 958 3413 caeso

214 3457 383 3534 Perpetuis
404 3459 490 3517 soliti
506 3466 617 3536 potres
640 3461 805 3520 considere
824 3463 953 3520 toeneio.

132 3566 184 3629 ubi
204 3563 303 3628 idem:
327 3566 419 3627 allon
432 3565 623 3630 sacrificium
644 3568 675 3629 in
696 3569 791 3630 ianua
814 3569 920 3650 palatii
929 3567 1024 3631 flebat
1034 3567 1147 3630 diebus
1163 3569 1285 3631 festiso
1304 3570 1379 3632 174:

635 3679 705 3739 Hoc
726 3679 791 3739 iltis
812 3684 903 3740 curio
924 3678 1083 3757 templum.

132 3786 227 3865 Quod
249 3786 388 3850 Servius
407 3789 450 3851 ad
472 3789 551 3849 Anu.
575 3787 636 3864 XI,
655 3785 739 3878 2347
769 3787 823 3848 ubi
843 3789 874 3849 in
896 3785 1026 3849 casdem
1047 3786 1153 3849 Latini
1174 3785 1273 3848 aedes
1296 3807 1378 3850 con-

133 3893 241 3955 cillum
260 3893 431 3975 principum
454 3902 662 3975 convocatur,
686 3894 840 3976 explicat:
864 3935 873 3948 -.
957 3910 958 3914 ’

213 4003 304 4081 Ergo
326 4002 493 4062 concilium
514 4021 665 4080 sumnam
681 4007 864 4084 primosque
884 4021 1015 4065 ortorum

213 4114 340 4193 lupario
362 4116 481 4173 ccoltoo
502 4113 568 4173 alto
588 4117 674 4174 iutra
695 4114 807 4174 limina
827 4115 922 4190 capit.

211 4220 277 4283 Olli
297 4239 481 4304 concanora,
498 4225 666 4302 fluuntque
687 4225 732 4283 od
750 4227 866 4300 rapio
884 4224 991 4301 plenia

218 4328 341 4391 Tecto
361 4334 430 4392 trio.

129 4451 319 4532 ”Quaeritur
355 4473 411 4518 cur
439 4455 479 4519 ad
506 4461 662 4539 privatam
691 4460 817 4523 domum
840 4468 1034 4533 convocetur
1055 4471 1203 4544 senates,
1226 4466 1280 4542 qni
1297 4481 1380 4523 non·

129 4560 192 4622 uisi
230 4560 272 4624 ad
301 4562 428 4644 publica
459 4572 491 4626 et
520 4550 674 4648 augurato
708 4566 832 4628 condito
871 4568 943 4630 loca
989 4570 1160 4633 convenire
1204 4572 1377 4633 consuerit.

131 4667 199 4732 Sed
219 4669 340 4731 smnus
361 4668 488 4750 domum
499 4671 605 4733 Latini
625 4680 783 4754 augurato
799 4672 971 4755 conditam,
993 4677 1026 4737 ci
1045 4674 1181 4737 eandem
1204 4682 1272 4740 tam
1292 4688 1379 4743 tcm-

127 4778 213 4859 plum
235 4776 347 4859 luisse,
378 4791 472 4860 quam
496 4777 614 4842 curiam
635 4810 676 4828 -·
695 4804 736 4827 -·-·
758 4803 799 4827 -·-
820 4781 944 4845 ldoirco
967 4786 1063 4845 want
1093 4786 1125 4846 in
1148 4785 1261 4848 Palatii
1284 4791 1376 4859 atrio,
