3022 5234
153 260 212 323 llo
230 258 385 341 clipeo,
404 264 543 335 scuto,
563 270 716 335 parma,
735 253 861 333 pelta,
886 256 1014 332 oetrtt',
1035 247 1170 313 ancill.
1253 236 1295 309 cb
1336 298 1338 303 ,

44 453 146 509 antea
165 442 301 507 Romani
322 443 373 503 usi
395 447 484 520 sunt,
506 435 637 516 deinde,
663 443 831 517 postquam
863 432 1059 515 stipendiarii
1094 433 1175 495 iacti
1207 434 1295 513 tuot,

46 560 171 616 conta
191 571 249 634 pro
271 551 381 633 clipeis
404 551 542 612 fecere«

130 683 162 745 2
204 674 371 744 Scotum
394 679 433 741 ab
457 688 495 741 eo
509 676 583 740 inde
605 656 914 757 temporeRomanis
936 668 1096 756 proprium
1116 665 1184 741 tuit.
1205 670 1295 739 Idem

48 790 170 852 [rivius
193 790 257 870 tx,
280 786 340 850 tu:
364 789 500 867 ,‚Arma‚
528 783 638 865 lnquit,
668 784 789 864 clipeus
811 784 1015 863 emissaeque
1035 778 1096 844 illis
1120 778 1296 862 [Macedo-

48 897 172 980 nibus]‚
195 897 341 960 Romano
364 902 500 967 scutum,
524 893 624 953 maius
646 890 788 972 corporis
808 881 1027 973 tegumentum
1049 896 1082 952 et
1097 891 1194 972 pilum
1207 894 1294 958 baud

48 1007 157 1086 paulo,
179 1021 273 1084 quam
295 1002 399 1080 basta,
423 996 642 1062 vehementius
663 997 727 1060 ictu
752 996 916 1080 missuque
937 998 1064 1062 telumat
1089 988 1223 1066 Scotum
1232 1005 1297 1085 igi-

49 1120 105 1176 tur
126 1111 277 1175 describit
302 1109 453 1190 Polybius
474 1106 603 1185 vute:
619 1095 708 1167 ’Ἐστι
727 1094 782 1190 d’p‘
792 1093 959 1192 ιΡωμαϊκαὶ
979 1104 1148 1172 πανοπλία
1168 1105 1299 1198 πρῶτον

49 1214 113 1300 μὲν
131 1206 265 1301 θυρεός,
286 1205 326 1279 οὗ
345 1205 383 1278 τῦ
404 1210 463 1295 μὲν
494 1202 617 1287 aldono
638 1209 707 1275 ἐστὶ
736 1211 795 1299 τῆς
824 1212 943 1301 κυρτῆς
973 1211 1170 1302 ἐπιφανείας
1199 1217 1299 1284 πένθ’

52 1315 250 1411 ἦμιποδίιον·
269 1313 308 1385 cd
328 1318 365 1385 δὲ
385 1319 488 1405 μῆκος
509 1317 620 1382 ποδιῦν
639 1308 814 1405 τεττάρων·
835 1310 856 1384 o‘
879 1319 916 1385 δὲ
929 1319 1052 1403 μείζων
1072 1316 1143 1388 ε”στι
1159 1323 1298 1390 ’καὶπα-

52 1431 248 1505 λαιστιαῖος.
279 1425 315 1493 ἐκ
337 1426 456 1492 διπλοῦ
475 1417 699 1509 σανιδώματος
719 1417 917 1514 ταυροκδλλη
936 1420 1102 1516 πεπηγώς,
1123 1423 1298 1518 δθονίην,

58 1531 146 1623 aare?
168 1536 318 1603 δὲταῦτα
327 1534 470 1620 μοσχείῳ
493 1535 631 1623 δέρματι
651 1532 884 1622 περιείληπται
904 1526 963 1623 τήν
980 1528 1076 1613 ’ἐκτός
1096 1532 1298 1626 ἐπιφδνειαν.

56 1640 129 1728 ἔχει
147 1643 186 1710 dd
209 1642 288 1730 περὶ
306 1641 365 1731 την
385 1647 454 1708 ἴτυν
475 1641 511 1708 ἐκ
532 1642 595 1708 τοῖν
616 1635 745 1708 ι’ίνιοθεν
765 1642 819 1708 καὶ
840 1635 991 1711 κάτωθεν
1011 1645 1120 1734 μεροῖν
1145 1647 1300 1738 σιδηροῦν

56 1744 221 1836 σιάλωμα,
241 1751 286 1816 δι’
307 1743 347 1817 οῦ
365 1741 424 1828 τιίς
442 1774 479 1816 τε
500 1744 688 1840 καταφοροὶς
707 1752 771 1818 τοῖν
797 1752 965 1842 μαχαιρῶν
997 1746 1217 1841 οίσφαλίζεται
1246 1756 1301 1822 καί

54 1853 117 1938 τοὶς
135 1853 224 1949 πρὸς
244 1852 302 1947 τήν
320 1858 379 1946 γῆν
399 1856 586 1945 ἐξερείσεις.
619 1850 867 1947 προσήρμοσται
900 1861 929 1924 δ’
952 1852 1042 1945 αὐτῷ
1061 1860 1117 1927 καί
1150 1863 1301 1952 σιδηροῖ

53 1958 213 2055 κόγχος,
234 1958 256 2053 ἠ
275 1956 336 2043 τῦς
357 1957 544 2053 ὁλοσχεροῦς
562 1958 746 2052 ἀποστέγει.
760 1961 887 2055 πληγαὶς
918 1966 1024 2035 λίθοιν
1060 1969 1115 2035 καί
1137 1968 1301 2058 σαρισσῦν

55 2074 113 2141 καί
133 2065 280 2140 καθόλου
298 2071 416 2156 βιαίων
434 2073 547 2158 βελῶν.
589 2079 641 2140 Ex
662 2068 787 2160 ὀθονίῳ
815 2081 926 2161 vides,
956 2081 1043 2145 unde
1072 2081 1238 2163 Vergilius
1269 2081 1300 2143 in

59 2187 163 2268 clipeo
185 2185 372 2249 delineanda
393 2204 489 2266 supra
510 2185 626 2247 liuum
648 2188 842 2267 sumpserit,
876 2196 909 2250 ot
930 2184 1052 2273 σιδηρᾶ
1071 2176 1186 2271 κδχχος
1207 2194 1302 2250 usum

58 2294 161 2358 ferri
181 2313 307 2375 quoque
326 2293 408 2366 satis
429 2296 575 2376 explicat.
597 2295 662 2358 Sed
683 2315 723 2356 ne
744 2296 1061 2377 oPolybioclipeum
1084 2296 1301 2359 adumbratum

62 2402 242 2480 existimes,
265 2409 392 2462 caveto.
424 2401 498 2463 Nou
517 2405 599 2462 euim
624 2401 814 2463 orbiculatos
836 2410 888 2463 est
906 2388 1042 2486 θυρεός,
1078 2401 1136 2465 sod
1157 2409 1304 2484 quattuor

61 2509 163 2590 podes
185 2511 283 2593 altus,
305 2509 387 2573 duos
409 2519 443 2572 et
471 2510 630 2574 dimidium
659 2513 759 2593 latus,
788 2512 886 2574 maior
914 2513 1010 2574 otiam
1034 2514 1139 2594 palmo
1168 2510 1304 2574 excedit

62 2612 166 2676 Scuta
186 2614 282 2697 igitur
303 2633 431 2695 semper
454 2614 603 2697 oblonga,
643 2624 740 2697 atque
770 2625 803 2678 ut
832 2636 850 2677 e
872 2619 1080 2680 monumentis
1101 2617 1305 2681 discitnr've‘l

63 2723 170 2806 ligura
192 2742 234 2784 ex
261 2724 357 2804 longo
378 2721 511 2783 rotuuda
534 2722 584 2784 vel
604 2725 816 2807 roctongulori
840 2726 1028 2810 incurvata,
1060 2726 1105 2788 ita
1123 2733 1159 2788 ut
1181 2726 1304 2806 corpori

63 2846 162 2912 quam
181 2831 318 2892 maxime
341 2839 473 2911 optetur.
494 2832 605 2893 Utrum
617 2836 829 2913 poetaanimo
848 2835 1063 2916 conspexerit,
1075 2852 1116 2896 an
1129 2843 1305 2915 utramque,

62 2940 134 3021 quis
156 2932 299 3001 dixerit?
323 2937 390 3002 Sed
412 2938 503 3019 Vttl,
526 2938 597 3000 662.
630 2937 717 3002 Galli
740 2940 929 3021 Capitolium
956 2941 1142 3005 obsidentes
1171 2943 1305 3023 conspi-

63 3048 190 3110 ciuntur
1271 3070 1273 3074 ¹

124 3144 126 3152 ¹
495 3155 641 3219 Scotto
660 3162 797 3236 protecti
815 3177 949 3236 corpora
970 3157 1113 3234 ίοπμίο.

67 3282 120 3345 cf.
142 3280 217 3345 [riv.
237 3280 427 3356 xxxvttt,
446 3280 503 3342 21:
528 3281 679 3361 „Scuta
698 3282 827 3363 longa,
848 3288 989 3344 ceterum
1011 3277 1052 3341 ad
1071 3274 1306 3358 amplitudinem
1408 3361 1409 3365 η

70 3405 237 3471 corporum
271 3404 380 3466 parum
403 3388 478 3462 loto,
511 3395 543 3448 et
564 3405 602 3447 eo
625 3387 694 3466 ipsa
716 3386 820 3467 plana,
851 3387 933 3448 male
954 3383 1106 3466 tegebant
1126 3378 1309 3465 Gallos“

65 3510 260 3592 [longiorem
282 3512 415 3573 formum
439 3508 578 3572 ostendit
594 3512 690 3571 etiam
712 3511 755 3591 X,
774 3509 858 3592 506.,
880 3511 940 3572 σοί
956 3508 1037 3570 socii

150 3622 328 3699 Inpositam
350 3626 467 3680 scuto
488 3621 637 3700 referant
654 3621 807 3681 Pallanta
826 3623 1022 3702 frequentas.

66 3742 202 3805 Poetam
224 3764 301 3806 vero
323 3743 375 3805 vel
395 3764 437 3806 ex
458 3763 534 3807 aere
555 3743 682 3806 ferrove
701 3755 793 3808 scuta
806 3747 950 3826 cogitare
968 3741 1127 3818 confecta,
1148 3738 1241 3816 Vlll‚
1256 3733 1309 3798 93.

65 3852 286 3934 sulpurata
313 3854 406 3931 lonae
432 3859 547 3914 scuta
575 3852 803 3933 demonstrant,
834 3854 1037 3933 sonitusque,
1065 3848 1179 3932 quitis
1206 3846 1309 3929 pulsis

68 3964 207 4027 eduntur
227 3964 302 4040 Vll,
322 3963 400 4029 att:
422 3963 555 4026 Scuta
575 3971 701 4025 sonant.
724 3972 757 4025 et
779 3963 837 4042 tx,
858 3961 937 4023 666:

736 4087 814 4147 Pam
834 4082 951 4164 aoajta
972 4102 1129 4164 canaeque

155 4199 264 4260 Dant
287 4203 461 4259 tonitam
476 4200 569 4277 flictu
587 4197 718 4273 χαίταις
736 4211 849 4272 perona
870 4209 985 4271 aspera
1005 4194 1119 4269 carpit.

69 4334 290 4398 Numerantur
308 4333 389 4395 iuter
410 4331 508 4394 'l'urni
530 4330 647 4393 auxilia
670 4325 744 4403 Vll,
764 4326 845 4392 7962

491 4439 579 4498 Picti
596 4442 716 4496 scuta
736 4433 861 4499 Labici.

74 4585 159 4652 quae
190 4564 314 4648 pictura
340 4574 444 4627 utrum
466 4561 638 4643 specialem
667 4553 825 4643 quandam
846 4557 993 4621 habuerit
1013 4553 1187 4628 rationem,
1208 4564 1249 4608 an
1271 4564 1314 4609 cx

76 4668 185 4741 Servii
207 4680 312 4735 mento
332 4672 420 4732 viros
444 4677 563 4731 tautum
583 4670 616 4729 in
636 4666 717 4730 bello
738 4668 889 4750 probatos
913 4659 1082 4739 ostendat,
1120 4675 1184 4718 uon
1205 4655 1313 4759 liquet.

74 4782 233 4847 aarum
260 4786 358 4861 pocta
378 4778 410 4840 in
431 4775 536 4840 animo
552 4773 661 4839 babuit
680 4783 775 4839 scuta
794 4770 924 4834 duorum
955 4760 1153 4856 exercituum
1182 4762 1316 4828 Samni·
