3022 5234
675 253 731 314 De
752 251 845 315 diis.
1316 250 1376 313 143

132 453 160 499 κ.
182 453 215 494 τ.
236 429 265 496 λ.
309 439 418 500 Lucus
440 426 597 501 I'eroniae
624 446 817 498 mumuratur
843 437 938 500 etiam
964 437 993 498 io
1015 455 1095 520 agro
1108 435 1274 516 Capenate
1300 435 1371 495 biv.

118 541 258 622 XXVI,
283 546 331 608 ΙΙ.
353 548 496 625 XXVII,
515 547 549 608 4.
571 546 716 628 lienique
739 549 828 607 iuxta
838 546 1016 608 Praerreste
1038 545 1209 606 sacrarium
1230 542 1373 604 eiusdem
1452 577 1454 581 ν

136 648 222 713 deae
242 653 344 715 fulsse
365 654 500 716 videtur.
528 651 701 715 Evandrus
722 652 804 715 entim
829 652 917 729 VIII,
937 651 1009 716 aut.
1030 653 1091 714 ait:

218 759 333 836 Oculis
354 783 452 839 erum,
474 783 546 824 eum
563 767 700 841 primam
720 767 817 829 oriem
837 762 1012 823 Praeneste
1032 762 1090 822 eud
1111 766 1183 840 ipsu

215 867 328 932 Siraci
347 880 572 952 scutorumque
591 875 721 933 iacendi
735 876 840 932 eicior
860 890 1000 942 coemes,

213 977 262 1037 ΙΙΙ
282 999 390 1056 reqem
412 981 473 1043 lroc
492 981 633 1042 Erulum
657 982 774 1041 dextro
794 982 853 1042 eud
879 981 1013 1043 Tartara
1033 984 1117 1060 miei,

214 1086 378 1164 Narranti,
392 1090 446 1148 cui
464 1091 524 1147 trie
546 1090 672 1148 unimus
694 1085 872 1147 Fero-nio
892 1094 1015 1147 muter
1034 1117 1075 1133 -

216 1190 420 1252 Horreudmn
442 1193 530 1253 dictu
551 1223 591 1236 -
612 1193 754 1273 dederet,
774 1197 866 1251 ternu
887 1210 979 1259 arma
999 1194 1161 1254 merenda.

135 1297 207 1359 Iovi
238 1298 358 1378 Stygio
386 1298 599 1380 comparanda
628 1308 678 1362 est
708 1301 787 1362 Iuno
820 1302 969 1380 deserite,
1003 1298 1033 1359 id
1070 1309 1140 1379 cst,
1168 1297 1374 1379 Proserpina.

131 1404 195 1487 VI,
216 1404 293 1469 136:

711 1507 810 1569 Latet
830 1510 943 1569 arbore
964 1529 1065 1588 opaca

217 1619 350 1682 Aureus
371 1626 404 1680 et
419 1620 510 1701 sotiis
531 1624 562 1678 et
584 1619 667 1678 lento
686 1620 801 1677 cinnae
822 1636 933 1678 ramus

217 1734 339 1795 Iunoni
357 1736 503 1813 infernae
525 1733 629 1792 dictus
649 1748 752 1791 curer.

135 1841 361 1922 Suspicionem
391 1838 491 1901 movit
518 1838 595 1900 viris
630 1836 733 1900 doctis
753 1837 914 1918 Inscriptio
943 1837 1040 1920 Spon.
1070 1842 1164 1907 Misc.
1186 1862 1215 1923 p.
1237 1843 1374 1909 cxxx.

129 1947 340 2013 0rcll.1310:
363 1945 536 2010 IVNONI.
559 1945 766 2012 S'I'YGIAI'I.
789 1946 1123 2014 canscnnutata.
1144 1951 1375 2016 Matutine.

130 2055 240 2121 CVM.
263 2058 348 2122 IIIIr.
371 2054 440 2119 SV.
463 2055 504 2117 V.
531 2056 565 2118 S.
590 2056 627 2119 L.
650 2057 696 2117 Μ.
1416 2068 1422 2076 ·

212 2162 244 2225 3.
288 2165 442 2244 Arcano,
463 2164 554 2226 cuius
576 2170 683 2243 partes
704 2164 849 2245 quamvis
871 2164 901 2225 in
927 2165 1071 2251 Aeneide
1091 2165 1159 2227 fere
1180 2167 1244 2228 siut
1260 2167 1376 2250 nullae,

133 2270 195 2333 nisi
218 2271 303 2354 qnod
326 2275 384 2354 tlt,
405 2272 455 2336 at.
478 2271 637 2334 oraculum
661 2271 734 2346 edit,
760 2273 821 2350 IX,
844 2269 914 2333 638.
935 2273 1037 2333 Iulum
1059 2272 1183 2335 adfatur
1197 2275 1376 2357 aequente.

130 2382 161 2444 in
191 2382 294 2443 Buten
331 2390 469 2446 mutatur
498 2416 540 2430 —-
568 2390 734 2464 propterea
770 2390 875 2446 tomen
907 2384 1139 2467 memorabilis,
1171 2385 1242 2464 quia
1272 2385 1377 2446 subtili

131 2489 272 2581 quadam
309 2512 388 2573 erga
427 2494 611 2575 Angustum
647 2492 826 2554 adulatione
861 2511 922 2582 non
954 2509 1025 2553 raro
1059 2490 1187 2552 carmini
1218 2491 1376 2553 intexitur.

119 2600 324 2683 ‘'l'encudum
346 2603 429 2665 enim
459 2602 552 2682 illud,
584 2601 682 2686 quod·
701 2603 831 2668 Sueten.
854 2602 969 2665 Octav.
998 2600 1042 2664 70
1084 2610 1204 2663 narrat:
1247 2601 1377 2664 „Coeua

130 2727 261 2791 quoque
282 2713 352 2772 eius
370 2711 525 2772 secretior
546 2711 577 2772 in
600 2710 714 2772 fabulis
736 2709 813 2790 fuit,
842 2727 923 2790 qrrac
944 2709 1044 2790 vulgo
1074 2695 1285 2781 deuderoideoq
1314 2730 1376 2770 vo·

130 2794 284 2895 euboici,
316 2816 347 2878 in
371 2836 434 2899 qua
466 2816 594 2902 deorum
632 2817 824 2899 dearumque
852 2815 959 2879 habitu
983 2815 1184 2877 discubuisse
1206 2816 1377 2896 convivas,

129 2932 165 2986 et
187 2925 321 3005 ipsum
345 2943 416 3004 pro
440 2925 635 3006 ApoIIIue
659 2934 838 2986 ornatum
863 2941 923 2985 non
946 2923 1073 2985 Antonii
1096 2923 1187 3013 modo
1210 2923 1378 3004 epistolae,

130 3031 327 3114 singulorum
349 3035 475 3094 nomina
496 3033 692 3094 amarissime
715 3033 939 3112 enumerantis,
961 3032 1162 3110 exprobrant,
1186 3030 1244 3092 scd
1265 3040 1296 3092 ct
1309 3032 1378 3092 sine

130 3148 265 3202 auctore
285 3141 443 3201 notissimi
467 3158 582 3202 versus
605 3172 645 3182 —
668 3173 707 3184 —-
729 3139 1013 3219 Acclamatumque
1035 3146 1083 3197 est
1107 3137 1256 3217 postridie
1275 3170 1315 3180 —
1337 3170 1379 3181 -

132 3248 309 3312 Caesarem
325 3265 400 3308 essc
417 3247 510 3328 plane
525 3249 717 3330 Apollinem,
738 3249 797 3309 sed
811 3249 1004 3308 'I'ortoremn
1037 3246 1131 3306 Serv.
1152 3245 1218 3306 llcl.
1242 3245 1299 3321 IV,
1324 3245 1378 3305 10:

131 3355 267 3433 „Apollo
288 3365 430 3415 --et
451 3355 552 3438 tangit
576 3356 771 3438 Augustum,
796 3355 844 3416 cni
866 3354 1068 3415 simulacrum
1091 3353 1208 3413 Iactum
1232 3362 1281 3412 est
1305 3370 1378 3413 cum

130 3464 289 3544 Apollinis
311 3462 433 3524 cunctis
454 3462 655 3542 itrsIgnibus.u
693 3464 821 3522 Aeneas
843 3480 932 3541 vero,
954 3479 1047 3542 quum
1069 3461 1099 3520 io
1120 3450 1262 3522 omuibus
1283 3462 1379 3523 rebus

132 3576 274 3657 Augusti
306 3572 346 3633 sit
376 3574 537 3653 exemplar
564 3581 596 3632 ct
625 3571 716 3652 quasi
748 3572 935 3652 speculum,
967 3590 1028 3632 uon
1057 3573 1126 3632 sitne
1148 3577 1235 3631 certa
1256 3570 1379 3630 ratione

130 3681 189 3757 lv,
216 3679 283 3743 143.
307 3680 441 3758 Apollini
464 3681 641 3759 comparari
670 3677 816 3739 videtur:

214 3786 334 3863 Qerulie
355 3789 410 3847 ubi
430 3787 594 3847 hibernum
615 3786 750 3862 Lycium
772 3786 959 3865 Xanthique
976 3789 1099 3864 fluento

212 3897 400 3956 Deseritur
421 3895 539 3958 Delum
560 3900 736 3953 maternum
757 3897 867 3953 inrisit
887 3892 1003 3970 Apollo

212 4006 442 4087 Instaurutque
463 4001 587 4080 choros,
610 4007 766 4079 miniique
785 4002 901 4061 ultorio
923 4006 1044 4062 circum

214 4112 325 4176 Cretes
347 4118 557 4195 Dryopesque
575 4119 722 4195 fremunt
739 4119 879 4193 pictique
899 4117 1091 4204 Aquiloqrui,

215 4224 293 4300 Ipse
312 4227 397 4300 iupis
420 4213 540 4302 Oqutii
559 4225 708 4301 proditur
728 4222 875 4301 mollique
892 4227 1043 4303 florentem

191 4327 342 4390 Fronde
364 4335 484 4409 premit
503 4335 620 4390 crinem
638 4334 765 4409 fiaqens
786 4332 889 4409 adque
909 4333 1043 4408 inplicat
1063 4353 1152 4416 auro,

220 4436 293 4497 Telo
314 4445 433 4498 sonant
451 4442 579 4517 umeris,
603 4439 764 4499 baudilio
786 4444 914 4517 eeqrrior
936 4442 1009 4502 tter.

129 4566 290 4631 Didonem
314 4570 393 4632 alias
415 4569 538 4630 Dianae
559 4578 774 4651 comparatam
798 4571 907 4632 statim
940 4571 1126 4636 videbimus.
1169 4574 1205 4633 In
1227 4570 1278 4634 illa
1299 4590 1379 4632 vero

127 4674 289 4754 Apollinis
319 4674 436 4736 choros
465 4675 673 4735 instaurantis
704 4673 917 4755 descriptione
939 4677 1047 4737 insunt
1069 4678 1255 4758 cognomina
1277 4699 1379 4762 quae-

126 4780 203 4844 dam
223 4780 416 4865 significata,
438 4801 498 4844 non
522 4782 573 4844 illa
593 4788 721 4868 mayor,
743 4787 809 4859 ulti,
830 4787 973 4865 serumst)
993 4786 1134 4866 polotri,
1155 4785 1213 4847 sed
1237 4788 1376 4866 oportit,
