3022 5234
90 241 92 246 ¹
191 251 251 317 ¹⁷⁴
534 254 597 316 bel
622 250 897 332 sacrificandi
929 251 1085 316 ritibus.

271 439 347 512 Ipse
370 434 532 510 Quirinali
550 436 628 497 lituo
646 442 811 515 meque
829 437 957 497 sedebat

272 544 468 606 Succinctus
491 545 611 624 trabea,
633 546 785 624 laevoque
803 545 905 605 noete
923 546 1063 620 perebot.

192 650 245 712 ubi
267 651 418 714 Servius:
459 653 592 715 obituus
620 664 673 716 est
698 643 1041 733 incurvum‘augurum
1071 651 1236 734 baculum,
1268 671 1331 734 quo
1360 662 1436 716 ute-

194 757 308 819 bantur
337 760 376 821 ad
408 760 608 840 designanda
629 761 709 822 coeli
731 761 851 842 sparia3
881 781 953 822 nam
980 780 1074 822 manu
1098 780 1158 822 non
1180 760 1308 823 licebat.
1353 759 1437 835 (loi-

189 868 323 928 rinolem
344 877 448 930 autem
473 889 514 930 ex
535 887 672 948 persona
694 886 752 930 sua
774 867 872 948 dixit,
909 870 1032 951 qualem
1056 879 1170 949 postca
1193 869 1351 947 Quirinus
1374 869 1436 930 ba·

188 976 285 1037 buitu
328 978 365 1038 111
395 977 498 1038 numis
520 977 688 1039 innumeris
712 977 809 1038 lituus
836 979 1042 1058 conspicitur.
1101 979 1151 1040 De
1181 977 1307 1039 ancili
1336 995 1433 1055 supra

190 1086 217 1153 s.
239 1079 288 1142 31.
312 1081 552 1162 disputavimus.
600 1083 743 1162 Denique
772 1081 876 1163 apex
899 1091 969 1145 erat
990 1084 1172 1147 flaminibus
1193 1086 1309 1166 capitis
1332 1090 1432 1165 legu-

190 1196 340 1249 mentum.
383 1188 544 1270 Vergilius
565 1189 655 1266 Vlll,
675 1189 746 1254 664.
768 1198 937 1253 memorat:
1042 1271 1044 1277 Ι

273 1297 514 1377 [reciperetque
535 1303 642 1376 apices
662 1300 804 1377 etlapsa
826 1300 944 1359 ancilia
966 1299 1058 1362 caclo.

191 1405 346 1467 Servius:
377 1405 559 1468 „Flemine‘s
582 1408 612 1469 in
634 1407 737 1488 capite
757 1407 917 1470 hebebant
937 1407 1062 1488 pileum,
1094 1410 1126 1468 in
1148 1425 1210 1488 quo
1231 1419 1300 1472 erat
1320 1411 1431 1473 brevis

188 1520 282 1597 virga
310 1514 448 1597 desuper
477 1516 598 1581 habeus
628 1519 720 1580 lanae
748 1517 893 1600 aliquido
950 1520 1026 1581 Non
1058 1519 1182 1587 omnino
1211 1525 1356 1601 constat,
1390 1537 1431 1579 an

190 1621 322 1685 eundem
347 1625 463 1704 pileum
485 1626 533 1704 ΙΙ,
555 1623 626 1687 683
648 1623 688 1687 de
709 1627 777 1688 Iulo
798 1623 1049 1709 significaverit:

272 1733 422 1795 Fundere
442 1736 549 1799 tumeo
572 1755 666 1813 epse.

188 1844 239 1905 ubi
263 1844 368 1907 Servii
391 1844 490 1905 verba
511 1851 620 1905 notatu
636 1841 733 1924 digna
748 1849 841 1908 sunt:
864 1842 978 1924 ”Apex
994 1844 1119 1924 pmprie
1133 1844 1246 1911 dieitur
1260 1846 1292 1908 in
1306 1864 1430 1911 summo

158 2005 160 2010 .
189 1952 323 2014 flaminis
351 1952 434 2032 pileo
465 1951 557 2034 virga
585 1952 709 2030 lanata,
737 1951 799 2013 boc
826 1961 893 2030 est,
919 1954 950 2014 iu
972 1955 1061 2016 cuius
1083 1956 1284 2021 extremitato
1307 1955 1430 2027 modica

188 2061 259 2120 lana
288 2067 357 2136 est,
386 2057 469 2139 quod
491 2059 621 2140 primum
652 2067 779 2127 constat
805 2061 892 2141 apud
922 2062 1035 2123 Albam
1066 2062 1238 2127 Ascanium
1267 2063 1429 2136 statuisse,

188 2166 286 2227 blodo
307 2175 413 2229 autem
436 2167 647 2235 summitatem
670 2167 744 2248 pilei
769 2168 1002 2248 intelligimussc
1053 2171 1102 2231 De
1130 2169 1248 2237 vittis
1275 2169 1429 2235 sacerdo-

188 2274 302 2335 talibus
324 2281 353 2348 s.
373 2271 424 2334 63.
447 2270 685 2352 disputabimus.
743 2269 964 2336 Instrumenta
987 2274 1181 2356 pontificalia
1208 2277 1314 2339 omnia
1335 2275 1427 2338 vides

187 2382 219 2447 in
239 2402 294 2445 ara
315 2385 485 2447 Minervae
505 2383 536 2443 in
557 2381 666 2463 Nibby
687 2381 801 2445 Museo
825 2381 1015 2463 Capitolino.
1064 2383 1137 2449 Vol.
1161 2386 1186 2446 1.
1217 2385 1326 2448 Scala.
1349 2385 1427 2449 Tab,

189 2490 238 2553 10.
261 2490 411 2552 Sculture
431 2488 515 2551 della
537 2488 611 2549 villa
634 2488 811 2571 Borgheso.
836 2488 910 2551 Vol.
932 2491 955 2554 l.
977 2489 1115 2553 Portico.
1136 2509 1181 2556 ur.
1208 2493 1254 2556 15.
1419 2487 1421 2496 '

783 2713 791 2729 .
813 2668 865 2733 63.

538 2801 596 2854 lte
619 2664 887 2857 μοιἸῐΞιιιίΙ
903 2800 1057 2858 ultibus

185 2969 359 3050 exposituri
385 2969 602 3049 separabimus
623 2987 738 3043 mores,
760 2970 813 3049 qui
834 2968 875 3031 ad
899 2969 1117 3032 sacrificantes
1139 2971 1282 3050 attinent,
1312 2973 1353 3034 ab
1378 2972 1426 3057 lis,

185 3079 238 3159 qui
266 3079 296 3139 in
326 3077 403 3159 lpsis
431 3077 567 3139 victimis
599 3067 1007 3159 ornandis'tractandisque
1038 3081 1280 3160 conspiciuntur.
1335 3083 1427 3145 Prius

186 3205 265 3246 vero
287 3185 390 3245 verba·
409 3182 561 3279 quaedam
585 3181 779 3258 notabimus,
811 3201 894 3262 quae
916 3183 1040 3264 quidem
1070 3186 1111 3246 ad
1138 3186 1276 3268 linguam
1311 3193 1425 3275 magis,

186 3313 277 3373 quam
303 3291 343 3353 ad
365 3301 484 3355 certum
507 3308 625 3351 morem
650 3299 798 3369 spectare
822 3289 987 3367 videntur,
1022 3311 1220 3374 nequaquam
1249 3307 1356 3361 autem
1386 3302 1426 3363 ab

185 3404 268 3467 omui
291 3411 363 3464 suut
385 3403 465 3463 ritus
488 3409 520 3462 et
541 3399 668 3460 habitus
693 3401 917 3460 observatione
939 3403 1094 3468 seiuncta.
1145 3405 1291 3468 Sacris
1296 3414 1428 3486 icare‚

184 3520 335 3594 quantum
357 3514 444 3590 scio,
480 3497 638 3592 nunquam
660 3509 745 3590 apud
768 3510 947 3592 Vergilium
969 3511 1102 3593 legitur,
1133 3515 1323 3594 saepissime
1345 3535 1428 3578 ma-

183 3631 312 3696 ctare,
333 3639 403 3681 raro
427 3620 557 3680 litare.
601 3618 682 3678 Aen.
703 3617 745 3701 ll,
772 3617 846 3677 118:

264 3731 430 3806 sanquine
451 3727 626 3808 quaerendi
644 3726 775 3798 reditus,
800 3728 969 3805 animoque
989 3726 1184 3790 litandum

266 3838 429 3914 Arqolioe.
1187 3828 1191 3837 ⁴

181 3947 241 4025 lv,
261 3948 318 4008 50:
348 3952 511 4028 sacrisque
531 3949 639 4012 litatis.
681 3946 824 4008 Macrob.
848 3947 910 4017 ΙΙΙ,
935 3945 969 4005 5:
992 3944 1141 4023 ‚,Litore,
1164 3939 1247 4020 quod
1269 3939 1428 4021 siguificat

179 4056 339 4118 sacrificio
362 4055 447 4117 facto
468 4055 595 4136 placare
615 4072 760 4116 nomene
811 4053 910 4114 Porro
935 4053 1043 4133 piare
1072 4056 1121 4110 est
1144 4048 1269 4129 culpam
1293 4054 1428 4110 contra-

180 4174 266 4226 ctam
296 4182 389 4228 suero
418 4165 533 4226 delere.
586 4164 615 4224 A
638 4162 783 4224 dolere
813 4161 948 4240 denique
977 4159 1109 4220 verbum
1133 4174 1294 4218 sacrorum
1317 4165 1368 4217 est
1390 4155 1430 4217 de

182 4276 399 4338 combustione
421 4278 526 4357 magis
548 4272 729 4334 adhibitum.
777 4248 984 4334 sacrificium
999 4269 1100 4348 ipsum
1123 4286 1185 4327 nou
1207 4284 1277 4325 raro
1300 4264 1430 4325 honor

179 4384 366 4447 vocabatur.
420 4377 789 4461 videueorgulntsc.
822 4379 902 4438 Aen.
916 4378 981 4453 ΙΙΙ,
1007 4375 1073 4437 178.
1088 4373 1159 4438 406.
1182 4371 1285 4434 catal.
1307 4371 1428 4448 v1,s:

268 4495 405 4554 Victima
425 4495 572 4552 soorotos
593 4493 716 4565 linquet
735 4488 854 4547 bonore
870 4488 972 4567 [ocos.

182 4600 264 4663 Aeni.
286 4602 314 4681 1,
335 4597 414 4662 682:
933 4653 946 4673 ,

263 4707 371 4770 mmet
389 4707 491 4766 dtoom
515 4702 640 4779 templis
660 4702 775 4761 indicit
792 4699 951 4760 bonorem.

136 4793 140 4804 ’
179 4788 337 4880 Servius:
368 4811 482 4894 »Apud
504 4812 639 4873 maiores
660 4817 788 4872 nostros
808 4825 880 4869 mos
899 4806 968 4881 luit,
993 4812 1031 4865 ut
1051 4805 1259 4883 magistratus
1274 4807 1357 4880 post
1375 4816 1431 4862 res
