3022 5234
233 203 291 271 Da
313 205 469 288 clipeo,
486 215 625 286 scuto,
646 225 802 288 parma,
824 208 952 290 pelta,
969 217 1105 291 astro,
1125 211 1264 277 ancili.
1329 212 1372 275 ⁶5

137 383 342 450 Oriebelcum
361 389 526 452 metallum
545 389 812 469 pretioslssimum
839 391 932 470 quale
967 391 1082 473 tuerlt,
1112 401 1250 457 naturae
1282 410 1379 459 scru-

137 493 298 555 tatoribus
318 496 555 576 relinquendum
579 499 737 561 existimo.
779 498 927 561 Loricam
948 485 1045 581 igitur
1064 502 1192 565 ’l'uruus
1211 501 1264 567 bic
1283 499 1383 567 induit

134 619 278 675 auream,
301 590 495 683 contraxi,
517 604 594 668 487:

217 709 352 789 Iamque
373 712 450 770 adeo
473 711 629 771 nectutem
650 712 825 772 tltorecc
845 714 977 772 indutus
1005 717 1095 773 uenis

215 815 378 876 Horrebat
398 821 551 896 squamis.

137 919 206 985 Cur
231 931 329 1001 poeta
350 923 503 985 hocloco
526 925 688 986 thoracem
708 925 931 1003 nominaverit,
955 943 1052 1006 quum
1073 945 1093 987 e
1120 929 1262 1007 squamis
1292 929 1381 991 aenis

131 1037 282 1091 corrserta
314 1031 420 1107 potius
449 1035 493 1093 sit
513 1031 625 1110 lorica,
658 1050 761 1112 neque
782 1033 873 1093 metri
897 1034 1075 1095 nenessitas
1097 1033 1201 1114 ipsum
1223 1034 1379 1116 coegerit,

141 1135 170 1194 in
195 1130 415 1214 quaestionem
437 1141 540 1218 possit
563 1143 683 1201 venire.
718 1139 786 1203 Sed
809 1141 841 1202 in
862 1141 980 1204 talibus
1000 1146 1092 1222 poesi
1113 1160 1241 1223 quoque
1262 1141 1380 1223 aliquid

138 1240 381 1307 concedendum
404 1263 480 1307 esse
494 1247 650 1314 existimo.
693 1247 779 1311 ldem
794 1249 855 1311 sibi
870 1250 1046 1313 vindicavit
1066 1251 1098 1313 in
1119 1250 1219 1313 lorica
1240 1252 1381 1332 plumata

134 1347 324 1411 nominanda
346 1351 473 1413 Statius
496 1354 598 1415 unet.
619 1358 677 1431 xl,
700 1355 781 1418 543:

217 1459 289 1539 Qua
311 1465 393 1525 male
416 1465 477 1528 iam
498 1468 644 1547 plumis
666 1469 748 1531 imus
770 1470 851 1551 tegit
872 1469 1004 1553 inguina
1024 1471 1190 1537 thorax.

136 1569 253 1632 Rarius
288 1590 366 1632 vero
401 1588 420 1630 a
452 1570 600 1654 Vergilio
633 1572 779 1635 thorax
812 1585 1014 1638 memoratur.
1078 1577 1170 1639 Bello
1196 1577 1379 1645 imminente

133 1675 211 1759 Vll,
234 1674 314 1738 633:
358 1714 360 1721 ι

288 1761 294 1771 ⁸
473 1787 544 1847 Ate·
565 1789 757 1850 tberccus
781 1810 902 1852 cenes

216 1890 289 1952 Aut
309 1892 386 1953 levis
407 1916 516 1956 ocreas
536 1897 619 1956 tento
642 1901 766 1959 ducunt
785 1908 925 1977 arpenta.

133 1997 217 2060 unde
239 2003 402 2063 materiam
424 2004 537 2067 saltem
561 2008 731 2086 conspicis.
790 2007 896 2070 Ceteri
918 2011 979 2073 loci
1001 2014 1044 2095 X,
1068 2011 1141 2077 337.
1162 2014 1221 2093 Xl,
1244 2013 1274 2074 9.
1298 2014 1377 2087 XII,

135 2107 207 2170 311.
229 2111 270 2172 nil
292 2111 419 2195 habeut,
444 2113 528 2194 quod
550 2115 763 2194 explicatione
784 2125 891 2198 egeat·
921 2120 1055 2183 Silentio
1077 2102 1183 2185 tamen
1206 2141 1380 2204 conprae-

132 2217 317 2281 tereuudam
341 2220 435 2297 duco,
458 2220 552 2300 quam
578 2221 740 2303 Cyclopes
762 2224 929 2306 fabricant,
949 2227 1043 2308 Vlll,
1067 2229 1145 2291 435:

212 2327 475 2409 Acpidumque
497 2331 700 2408 horriferum,
724 2334 870 2392 turbatae
890 2334 1038 2394 Palladis
1057 2357 1166 2413 orme,

214 2435 366 2496 Certatim
387 2440 568 2516 squamis
589 2445 773 2515 serpentum
795 2459 934 2518 auroque
953 2440 1104 2518 polibant,

219 2545 429 2624 Gereonesque
453 2551 569 2622 anquis
590 2551 754 2627 ipsumque
775 2550 808 2607 in
833 2554 961 2625 pectere
983 2550 1075 2608 dione

217 2652 386 2736 Geryone,
407 2657 531 2717 desecto
553 2662 724 2717 vertentem
745 2657 866 2718 luminu
887 2655 976 2716 cotto.

138 2757 247 2837 Quam
269 2759 515 2840 descriptionem
544 2772 577 2822 ut
607 2762 646 2822 ab
668 2765 747 2823 artis
768 2764 978 2823 monumentis
1001 2778 1187 2844 expressam
1209 2782 1284 2827 esse
1304 2764 1380 2828 iuti-

133 2885 185 2927 mo
207 2885 306 2929 sensu
330 2867 499 2950 percipias,
523 2869 668 2932 conferas
690 2868 909 2933 C.0.lllirlleri
933 2880 965 2930 et
988 2870 1155 2934 oesterleii
1176 2881 1379 2937 monumenta

139 2977 219 3038 artis
242 2978 403 3056 antiquae.
424 2973 609 3060 Gottingae.
631 2978 671 3049 ll,
695 2979 725 3043 2.
746 2976 824 3038 'l'aln
848 2978 895 3039 19.
918 2996 967 3059 sq.
1134 2964 1137 2971 ⁴

701 3208 733 3297 §-
756 3212 806 3276 er.

255 3369 316 3423 lle
334 3366 478 3437 clipeo,
497 3372 625 3436 scuto,
645 3382 808 3437 parma,
826 3368 951 3437 petae,
969 3372 1094 3436 cetra,
1110 3365 1249 3421 amelli.

131 3533 286 3615 Corporis
315 3544 553 3618 tegumentum,
591 3536 675 3618 quod
697 3556 758 3598 non
785 3537 898 3620 galea,
928 3535 1025 3599 lorica
1057 3536 1161 3598 ocreis
1189 3534 1376 3616 omninoque

129 3643 222 3723 quasi
256 3641 392 3724 quodam
414 3644 534 3706 vestitu
561 3644 675 3707 bellico
704 3645 890 3726 constabat,
917 3643 1001 3724 apud
1022 3645 1194 3706 Homerum
1220 3641 1374 3722 duplicem

127 3748 227 3809 habet
249 3748 401 3832 formam,
423 3768 516 3812 unam
538 3751 701 3830 maiorem,
722 3752 885 3830 altiorem,
906 3736 1023 3828 σάκος,
1046 3767 1109 3831 qua
1128 3747 1248 3813 heroes·
1263 3753 1373 3815 lortiu-

130 3871 184 3914 res
214 3862 360 3933 utuntur,
398 3859 528 3919 alteram
552 3859 718 3933 minorem,
750 3856 923 3938 leviorem,
944 3843 1091 3934 ἀσπίδα,
1116 3874 1179 3936 qua
1207 3857 1374 3921 debiliores

128 3965 270 4026 membra
292 3964 468 4026 tuebantur.
512 3964 607 4042 Quod
629 3966 709 4025 inter
730 3950 829 4034 σάκος
851 3970 945 4043 atque
969 3950 1096 4023 ἀσπίδα
1114 3961 1279 4026 discrimen
1290 3984 1372 4028 cou-

128 4072 360 4134 stantissimum
388 4073 524 4136 nondum
553 4075 632 4135 satis
665 4081 866 4153 perspectum
898 4073 953 4131 vix
977 4070 1100 4131 duobus
1127 4070 1156 4130 in
1177 4070 1274 4132 lliade
1294 4073 1372 4132 locis

133 4199 195 4240 non
215 4182 424 4260 conspicitur.
465 4181 569 4240 Maior
589 4179 620 4241 iu
649 4197 757 4262 pugna
776 4177 962 4262 Vergiliana
983 4177 1109 4238 obviam
1130 4194 1168 4238 se
1188 4177 1251 4238 lert
1273 4179 1372 4258 copia.

129 4288 206 4350 Non
232 4288 305 4350 bina
326 4291 422 4368 enim,
445 4286 502 4348 sed
523 4291 617 4369 quina
639 4287 747 4365 specie
768 4285 856 4363 colli,
884 4283 1097 4346 bracchiorum
1117 4285 1298 4366 ventrisque
1320 4296 1372 4344 te-

127 4404 315 4477 gumentum
341 4394 479 4456 effictum
502 4412 576 4455 esse
601 4394 768 4474 videmus,
790 4394 836 4483 5²²,
853 4403 889 4457 ut
910 4393 1011 4456 omnis
1033 4412 1051 4454 e
1071 4392 1224 4455 bellorum
1247 4390 1372 4452 Roma-

130 4518 244 4561 norum
266 4517 486 4579 armorumque
507 4499 595 4561 vario
622 4517 742 4580 genere
765 4517 841 4560 usus
863 4518 882 4562 a
903 4500 1038 4561 Marone
1059 4497 1089 4559 in
1113 4496 1257 4560 carminis
1280 4514 1372 4557 cem·

128 4606 259 4671 modum
280 4608 323 4670 sit
352 4605 538 4669 exhaustus.

215 4738 244 4802 1.
286 4736 464 4821 (ilipeus,
485 4737 538 4819 qui
559 4737 777 4819 magnitudine
797 4747 830 4801 et
850 4738 981 4801 materia
995 4736 1036 4799 ad
1051 4723 1151 4808 coines
1167 4736 1370 4801 Homericum

184 4868 267 4910 baruch
279 4869 411 4921 antiquitates
422 4869 565 4922 vergiliana.
1140 4850 1163 4913 5
