3022 5234
690 237 747 296 De
767 241 921 296 senatu.

601 420 755 498 [rasaque
775 436 850 478 oaoo
869 437 906 477 se
925 418 1035 479 r'otore
1051 424 1202 496 promunt
1260 430 1263 435 ’

271 529 493 590 Thessandrus
515 527 749 606 sumensque
768 529 890 587 duces
909 533 943 587 et
960 529 1051 588 duas
1073 516 1199 602 mnes,

265 639 447 698 Demissum
468 637 554 718 lepor·
570 656 629 714 per
646 639 755 715 sanes,
779 634 982 716 Acamasque
1007 637 1173 716 measque

263 744 462 823 nouusque
480 745 705 822 Neoptolemus
723 748 962 824 primusque
982 743 1158 805 Machaon.

196 849 383 915 adverbium
405 854 489 916 ease
500 854 766 935 putabimusne
788 854 881 940 VIII,
900 853 981 917 281:

252 963 399 1042 Iamque
418 960 658 1024 §scerdotes
676 966 917 1042 prr‘musque
938 962 1078 1023 Potitius
1096 960 1193 1021 itaut.

187 1065 275 1133 alteri
303 1072 412 1151 magis
438 1064 641 1150 explieatIoni
660 1067 859 1154 favebi'rnoa.
917 1070 1037 1133 Pateor
1069 1076 1124 1132 Ine
1150 1076 1218 1133 rem
1253 1071 1431 1152 simplicem

186 1175 226 1237 ad
248 1175 400 1257 liquidum
414 1178 613 1260 nequaquam
627 1179 803 1260 perducere
814 1180 968 1262 potense
989 1180 1174 1244 Vrdeant
1134 1200 1203 1242 vrrr
1224 1180 1319 1247 docti.
1336 1182 1434 1265 Apud

189 1283 371 1349 Evandrum
394 1284 488 1364 porro
508 1291 579 1346 toro
599 1284 675 1346 dant
695 1285 787 1368 VIII,
810 1286 890 1348 105:

271 1392 345 1455 Una
366 1410 473 1453 omues
490 1397 642 1455 a'uoennm
659 1392 759 1471 prema·
775 1404 960 1477 pauperque
980 1398 1154 1480 senatus.
1208 1423 1211 1433 ·

189 1453 262 1563 IIex
284 1499 430 1582 Latinae,
452 1516 546 1579 quum
567 1518 632 1580 pax
654 1501 694 1561 ab
716 1503 830 1564 Aenea
850 1512 902 1564 est
922 1502 1069 1584 petenda,
1092 1504 1154 1582 xl,
1175 1501 1254 1564 234:

271 1609 361 1686 Erqo
383 1609 604 1669 concilium
624 1629 775 1687 maqnum
792 1614 1031 1691 primosque
1050 1629 1183 1674 sororum

268 1720 397 1795 Inperio
418 1720 538 1778 accitos
558 1718 625 1777 alta
643 1721 730 1778 intra
751 1718 863 1780 limina
884 1722 990 1807 coqr't.¹

189 1824 348 1905 x1,304:

269 1935 317 1994 Et
336 1933 446 1995 vellem
466 1940 499 1994 et
514 1935 626 2013 ficerat
646 1932 781 2010 melius5
811 1949 877 1991 non
897 1937 1036 2009 tempore
1058 1931 1117 1991 tali

252 2030 646 2118 commonueram,
668 2058 739 2102 cum
761 2060 871 2101 muros
893 2039 1017 2101 adsidet
1037 2039 1148 2101 hostis.

189 2152 246 2225 ιιι,
270 2152 350 2214 aso:
1144 2125 1147 2134 “

83 2316 86 2323 .
271 2260 380 2338 Ooqtte
401 2260 629 2321 concilium
649 2267 683 2321 et
699 2277 811 2337 pacem
830 2260 960 2322 laudate
982 2263 1136 2320 sedentes.

190 2370 250 2450 XI,
273 2369 352 2432 469:

273 2478 504 2541 Concilium
526 2482 596 2558 r‘pse
613 2485 706 2557 pater
727 2487 759 2539 et
780 2484 898 2555 rnaqnn
918 2481 1045 2557 incepta
1068 2477 1207 2538 Latinus

274 2588 415 2648 Desero't.

63 2704 64 2709 ’
191 2693 313 2756 Verum
334 2712 375 2754 ex
395 2693 460 2755 noc
480 2693 550 2773 ipso
571 2700 685 2754 senatu
696 2693 780 2772 apud
795 2712 905 2776 regern
915 2692 1063 2754 Latinum
1085 2697 1266 2754 convocato
1288 2701 1434 2774 apparet,

195 2800 341 2880 quotiens
363 2797 448 2881 apud
463 2789 630 2861 Maronem
645 2805 756 2877 patres
768 2800 973 2889 nominentur,
987 2799 1144 2861 neminem
1165 2797 1342 2861 nisiillunr
1333 2815 1437 2881 rpsum

196 2920 342 2973 senatum
363 2911 467 2972 animo
488 2917 603 2992 poetae
625 2926 702 2971 esse
731 2910 947 2972 obversatum.
976 2904 1102 3021 EtenIm
1121 2909 1254 2972 'I'nrnus
1271 2909 1442 2973 haeecon-

199 3016 283 3082 vIeia
304 3018 366 3099 XI,
387 3011 488 3081 378.
479 3038 510 3080 ιιι
530 3019 689 3079 Draneem
706 3016 827 3080 iactat:

276 3124 388 3202 Larqa
409 3126 544 3205 quidem,
566 3126 708 3202 Drance,
731 3142 855 3201 semper
875 3126 932 3184 tibi
952 3129 1043 3202 copia
1059 3126 1156 3204 fandi

283 3237 371 3311 Tum,
397 3257 468 3296 enm
491 3237 571 3296 bella
591 3253 707 3296 manus
726 3240 883 3314 pascam,-
902 3232 1178 3314 patri'tusque
1197 3238 1360 3296 uocatis

279 3345 409 3406 Primus
430 3345 515 3404 ades.
558 3341 627 3405 Sed
644 3343 918 3420 nonreplendast
931 3346 1027 3403 ¹curia
1047 3342 1158 3403 ceram
1285 3324 1293 3343 ’

196 3452 311 3534 quibus
330 3462 439 3533 poeta,
461 3451 564 3513 nullus
586 3450 705 3532 dubito,
727 3453 801 3532 quin
825 3456 995 3511 senatores
1010 3464 1090 3511 suae
1105 3449 1222 3512 aetatis
1237 3446 1439 3529 quoanmcs

196 3558 343 3647 tetigerit.
366 3557 488 3621 consul
510 3557 622 3621 deinde
642 3559 711 3620 Ioni
731 3557 885 3638 templum
906 3557 1018 3638 aperit,
1041 3556 1220 3638 v11,·6·11:

347 3664 427 3728 'Ubi
446 3672 542 3726 certa·
554 3666 648 3725 sedet·
659 3665 856 3742 putribus
876 3665 1033 3724 sententia
1051 3679 1190 3739 puqnue.

195 3776 374 3837 Senatores
395 3773 499 3854 Igitur,
522 3793 586 3835 non
606 3780 736 3854 gentes,
759 3778 945 3852 spectantur
965 3770 1003 3831 iis
1023 3771 1116 3850 losio,
1128 3769 1251 3851 *quibus
1268 3776 1380 3847 patres
1405 3777 1440 3830 et

195 3881 336 3958 populus
356 3883 599 3965 coniunguntur,
623 3889 658 3944 ut
679 3883 769 3957 VIII,
793 3881 872 3944 678:

277 3989 364 4052 Hinc
386 3990 558 4066 Anqustne
578 4007 679 4066 aqens
701 3990 803 4050 Italos
825 3993 860 4049 in
878 3989 1001 4068 proelr'a
1021 3987 1143 4050 Caesar

283 4097 362 4160 Cum
381 4100 576 4175 patribus
595 4099 833 4178 populoque,
857 4099 1032 4159 Penatibus
1050 4102 1083 4156 et
1097 4097 1227 4172 maqnis
1247 4094 1309 4154 dre.

194 4205 279 4268 Inde
300 4225 362 4267 non
382 4205 483 4267 solum
505 4202 588 4286 apud
608 4222 720 4288 regem
741 4205 902 4284 Iratinurn,
920 4201 1122 4283 Evandrum,
1143 4201 1295 4283 populum
1315 4199 1441 4263 Roma-

199 4332 272 4374 nurn
294 4314 410 4393 ipsum,
432 4310 491 4373 sed
512 4310 596 4395 apud
627 4320 753 4375 ceteras
783 4330 909 4394 quoque
937 4319 1052 4394 gentes
1082 4317 1316 4388 memorantur,
1349 4324 1387 4370 o.
1408 4327 1442 4390 g.

202 4419 496 4512 Carthaginienses,
519 4439 600 4503 quos
620 4429 768 4487 sanetum
790 4430 935 4483 senatum
956 4419 1018 4482 sibi
1044 4418 1197 4502 elegisse,
1215 4421 1242 4501 1,
1263 4418 1334 4481 426.
1358 4417 1444 4481 vidi-

204 4545 286 4610 mus,
308 4527 370 4607 IV,
390 4528 468 4610 682:

282 4664 429 4724 Eetinsa'
447 4669 477 4723 te
498 4682 619 4744 meque,
638 4681 740 4742 soror,
758 4662 1029 4740 populumque
1048 4665 1275 4737 patresque

287 4772 434 4834 Sidonios
454 4774 623 4850 urbemque
643 4778 739 4831 tuam.
