3022 5234
197 257 260 322 266
648 262 724 339 „De
744 263 963 328 iuueribus.

195 441 268 504 551.
289 417 329 503 et
342 442 420 522 Xll,
440 441 521 520 749„
544 462 564 503 e
583 443 699 506 ceteris
719 444 862 507 omnibus
886 445 978 509 modo
1001 446 1103 509 allatis
1134 457 1287 529 apparot,
1309 461 1438 531 poetam

197 553 281 615 hanc
301 559 402 615 artem
423 551 538 634 insigni
558 570 666 614 amore
686 570 761 614 esse
782 562 1017 636 prosequutum.

765 781 799 869 §-
821 786 871 850 sc.

660 939 719 992 lte
741 937 970 994 tumen-ibus.

282 1107 375 1187 Quae
395 1106 479 1190 apud
500 1107 664 1190 antiquos,
691 1109 854 1172 llornanos
874 1109 1029 1190 inprimis,
1050 1113 1173 1174 exstitit
1194 1113 1438 1193 sepulchrorum

198 1217 322 1299 religio,
345 1235 384 1278 ea
403 1235 445 1278 ex
466 1217 609 1296 opinione
631 1224 705 1278 nata
726 1226 789 1295 est,
811 1224 953 1280 mortuos
975 1219 1150 1299 insepultos
1171 1220 1203 1280 in
1225 1220 1365 1300 quietem
1379 1243 1438 1284 non

201 1324 336 1406 admitti,
357 1324 415 1388 sed
438 1345 542 1388 errare
563 1329 650 1387 eirca
667 1325 815 1407 Stygiam
837 1324 984 1406 paludem
1005 1335 1139 1404 centum,
1157 1335 1192 1389 nt
1201 1327 1366 1410 Vergilius
1379 1329 1438 1409 Vl,

199 1435 270 1498 329.
290 1436 348 1508 (cf.
370 1436 431 1515 Vl,
452 1434 540 1507 371.)
569 1435 630 1516 ait,
654 1453 765 1497 annos.
807 1428 943 1512 Qua'ex
961 1454 1064 1504 ‚causa
1097 1440 1159 1518 iis,
1193 1440 1247 1520 qul
1279 1440 1439 1497 remotio

90 1578 93 1583 ·
200 1541 301 1623 patria
329 1541 410 1606 diem
436 1561 617 1623 supremum
645 1541 803 1617 obierant,
824 1543 972 1603 tumulum
995 1543 1203 1606 exstruebant
1222 1543 1350 1606 inanem
1370 1544 1438 1606 aive

200 1647 409 1713 honorarium.
452 1650 530 1712 'l'ale
552 1649 772 1731 cenotaphium
796 1649 944 1714 describit
968 1660 1062 1731 poeta
1082 1651 1145 1728 Vl,
1167 1651 1250 1713 505:

288 1759 376 1820 tuac
396 1766 519 1834 spumet
537 1760 730 1820 tumetium
752 1759 889 1819 Rhoeteo
910 1763 945 1819 in
965 1759 1056 1820 litore
1078 1763 1092 1820 i
1098 1777 1240 1822 rrauem

284 1865 452 1947 Constitui,
473 1872 506 1925 et
524 1885 641 1941 maana
660 1865 773 1926 Manis
794 1872 842 1926 ter
861 1881 933 1925 noce
952 1871 1069 1927 ccccvi.

284 1973 410 2034 Nomen
430 1980 464 2033 et
481 1993 572 2034 arma
592 1974 696 2035 iocum
718 1981 866 2052 seruant,·
887 1980 928 2050 te,
949 1979 1058 2051 amice,
1081 1978 1211 2056 manici

285 2077 476 2155 &auspicem
496 2084 527 2138 et
544 2083 652 2156 patria
672 2080 826 2139 decedam
843 2099 962 2157 ponere
982 2088 1079 2142 terra.

205 2186 308 2247 Nisus
330 2192 419 2262 optat
438 2186 501 2259 lx,
522 2183 604 2247 ⁶213:

285 2291 345 2367 Sit,
369 2296 426 2372 qai
444 2300 640 2370 meracium
659 2313 771 2371 nuqua
789 2300 927 2371 pretiove
947 2297 1140 2373 redemptum
1209 2362 1212 2368 ,

284 2402 421 2462 Mandat
437 2402 542 2482 humo,
564 2403 657 2463 solita
678 2409 735 2464 aut
753 2407 847 2484 siqua
866 2406 902 2464 id
916 2407 1050 2484 fortuna
1071 2406 1194 2483 vetabit,

285 2515 460 2576 Absenti
475 2518 563 2594 serat
583 2518 728 2597 inferias,
750 2518 935 2593 decoretque
956 2513 1136 2591 sepulchro.

203 2625 262 2705 ΙΙΙ,
283 2622 366 2685 303:

285 2729 421 2790 Libebat
441 2734 544 2790 cineri
562 2729 788 2790 Artdromaclre
809 2729 983 2810 Manisque
1003 2727 1134 2791 vocabat

285 2838 476 2897 Hectoreum
497 2839 541 2897 ad
560 2837 726 2909 tumulum,
747 2840 842 2898 viridi
861 2858 953 2917 quern
975 2843 1112 2916 caespite
1132 2842 1258 2898 inanem

287 2945 335 3004 Et
352 2946 507 3025 penninas,
528 2964 677 3005 caussam
699 2945 849 3019 lacrimis,
872 2954 1058 3007 sacraverat
1077 2967 1162 3007 aras.

205 3051 256 3116 Ad
277 3071 371 3134 quem
391 3054 494 3114 locum
518 3054 658 3132 respexit
678 3054 857 3116 Martianus
880 3054 950 3135 llig.
973 3057 996 3115 l.
1019 3056 1049 3118 8,
1072 3055 1108 3119 fr.
1130 3055 1165 3118 71
1188 3051 1438 3133 ”cenotaphium

204 3181 330 3244 quoque
352 3158 455 3243 magis
476 3159 581 3241 placet
600 3159 703 3222 locum
726 3177 801 3221 esso
821 3160 1021 3241 religiosum,
1052 3162 1134 3223 sicut
1162 3163 1254 3224 testis
1283 3162 1315 3224 iu
1353 3180 1392 3223 ea
1412 3179 1444 3220 re

205 3280 256 3332 est
276 3264 476 3351 Vergilius.“
507 3268 656 3332 Ceterum
678 3267 762 3350 quod
784 3268 924 3349 caespite
947 3269 1169 3331 Andromache
1192 3269 1343 3330 tumulum
1366 3284 1444 3328 con-

205 3376 281 3455 ficit,
304 3377 335 3437 in
354 3395 441 3438 more
463 3377 602 3439 fortasse
623 3382 759 3457 positum
784 3388 870 3460 erat,
892 3399 987 3462 quum
1010 3381 1148 3440 Sueten:
1163 3378 1201 3439 de
1224 3376 1372 3459 Caligula
1392 3376 1443 3438 59:

206 3483 382 3565 „Cadaver
403 3486 471 3546 eius
492 3486 571 3547 clnrn
597 3486 626 3546 in
648 3485 757 3547 hortos
779 3487 949 3547 Lamianos
972 3494 1167 3567 asportatum
1191 3493 1228 3547 et·
1242 3484 1444 3547 tumultuario

204 3612 285 3674 rogo
306 3593 565 3656 semiambustum
588 3595 653 3655 levi
682 3595 822 3675 caespite
843 3595 989 3657 obrutum
1011 3589 1097 3655 est.“
1139 3595 1269 3655 Aeneas
1293 3591 1335 3654 ad
1357 3592 1446 3655 Pali·

207 3722 316 3765 nurnm
337 3704 399 3781 Vl,
414 3702 489 3765 378:

289 3813 374 3872 Nam
395 3817 450 3871 tua
468 3812 604 3890 finitimi,
626 3809 718 3887 lonae
738 3810 862 3889 lateque
878 3827 937 3885 per
958 3809 1052 3867 urbes

289 3918 451 3993 Prodipiie
472 3921 538 3976 acti
558 3917 753 3989 caelestibus,
776 3937 850 3977 ossa
868 3917 1009 3994 piabunt,

288 4026 336 4085 Et
354 4030 495 4085 statuent
514 4026 669 4086 tamuda
677 4045 708 4085 m
729 4031 761 4084 ei
781 4025 899 4085 tamaio
921 4024 1087 4085 sollemnia
1107 4025 1238 4082 mittent.

207 4157 260 4218 nbi
287 4155 440 4217 Servius:
484 4156 559 4235 „De
585 4154 715 4217 historia
744 4154 805 4218 hoc
832 4156 942 4232 traxit3
975 4155 1116 4214 liucenis
1147 4153 1229 4212 enim
1261 4150 1443 4231 pestilentia

206 4264 420 4326 laborantibus
443 4263 604 4343 respondit
625 4264 808 4343 oraculum,
843 4281 954 4324 manes
987 4260 1127 4322 Palinuri
1160 4276 1234 4319 esse
1256 4258 1442 4337 placandos,

207 4373 246 4436 ob
269 4392 363 4455 quam
392 4391 458 4434 rem
479 4391 542 4433 non
560 4372 655 4453 longo
676 4389 696 4432 a
718 4370 813 4432 Velia
835 4377 868 4431 et
888 4369 991 4429 lucum
1015 4375 1047 4427 et
1064 4364 1273 4445 cenotaphion
1296 4365 1327 4427 ei
1348 4364 1446 4427 dede-

206 4475 311 4543 rant.“
353 4479 488 4542 Sueten.
518 4474 629 4539 Claud.
659 4476 693 4539 1:
731 4475 910 4551 „Ceterum
939 4473 1098 4536 exercitus
1130 4472 1392 4536 honorarium
1424 4471 1450 4534 ei

207 4590 397 4652 tumulum
420 4582 608 4652 excitavit.“
652 4572 799 4648 Omnium
822 4583 984 4646 notissima
1004 4590 1080 4643 sunt
1109 4573 1307 4662 Cenotaphia
1331 4583 1448 4644 Pisana

208 4698 408 4760 inhonorem
430 4695 762 4779 C.etb.Ce,sserum
785 4693 923 4778 Augusti
947 4692 1081 4753 liliorum
1103 4698 1275 4751 exstructa.
1322 4687 1447 4768 Quodsi

208 4827 269 4870 non
291 4807 398 4870 tumuli
419 4786 680 4884 castramentati,
711 4802 873 4885 religionis
895 4801 1109 4866 Romanorum
1124 4797 1251 4878 inisse,
1280 4797 1442 4878 pulvorem
