3022 5234
662 1494 696 1582 p.
722 1497 749 1559 1.

452 1656 512 1710 lte
529 1655 786 1726 reipublicae
803 1655 951 1713 forma

163 1828 275 1892 Omnis
297 1827 489 1913 reipublicae
498 1825 727 1889 administratio
738 1826 851 1908 triplici
865 1834 986 1889 tantum
1003 1830 1113 1909 specie
1127 1838 1236 1912 potest
1248 1848 1323 1894 esse

80 1946 280 2022 constructa,
310 1937 355 2001 ita
376 1947 409 2000 ut
431 1939 483 2000 vel
504 1939 558 1998 uni
579 1937 638 1998 soli
659 1955 783 1997 summa
804 1955 910 1998 rerum
930 1936 1140 2018 gerendarum
1160 1955 1248 2019 cura,
1269 1940 1324 2004 vel

80 2044 221 2124 pluribus
255 2045 308 2106 vel
338 2044 472 2126 denique
501 2045 646 2106 omnibus
684 2044 726 2105 ait
753 2043 910 2108 mandata.
963 2045 1104 2113 Primam
1130 2047 1324 2110 Aristoteles
1440 2066 1444 2075 ’

80 2156 222 2242 appellat¹
236 2148 416 2234 βασιλείαν,
428 2154 479 2216 alii
500 2147 686 2237 μοναρχίαν,
701 2153 878 2216 secundam
899 2141 1168 2238 ἀριστοκρατίαν,
1197 2156 1321 2218 tertiam

80 2255 257 2338 πολιτείαν,
276 2262 329 2323 alii
351 2255 580 2345 δημοκρατίαν.
629 2261 725 2342 Apud
748 2262 864 2322 nullum
887 2281 965 2322 vero
988 2264 1150 2343 populum,
1173 2282 1229 2343 per
1249 2263 1323 2324 nul-

80 2372 140 2432 lam
164 2369 232 2431 fere
254 2377 392 2431 aetatem
413 2371 467 2431 vel
488 2361 641 2448 βασιλεία
662 2370 741 2441 sola,
757 2369 810 2429 vel
831 2357 1081 2452 autumantia,
1105 2368 1158 2429 vel
1172 2360 1324 2429 πολιτεία

79 2477 204 2558 integra
227 2475 427 2556 conspicitur.
467 2477 542 2556 lpso
558 2477 727 2538 Homerico
749 2494 832 2537 aevo
852 2476 883 2537 iu
906 2477 1087 2538 universum
1110 2475 1234 2558 quidem
1257 2474 1323 2555 βα-

81 2578 183 2656 σιλεῖς
204 2594 306 2662 erant,
328 2583 389 2645 sed
410 2583 605 2662 optimatium
628 2583 760 2645 consilio
775 2583 1022 2664 coercebantur3
1051 2585 1170 2646 minore
1191 2585 1325 2666 opulen-

81 2694 124 2756 tia
145 2694 282 2776 populus
303 2693 475 2775 gaudebat.
526 2691 706 2775 Quaeritur,
735 2694 878 2775 quisnam
900 2691 985 2774 apud
1005 2692 1184 2776 Vergilium
1206 2693 1248 2754 sit
1269 2711 1325 2754 or-

82 2801 122 2864 do
143 2821 182 2864 ac
203 2808 318 2866 status,
788 2800 791 2805 ’

164 2908 279 2969 Tribus
310 2916 438 2971 tantum·
461 2908 563 2970 modis
591 2916 687 2990 poeta
708 2907 873 2970 Romanus
895 2909 926 2969 in
947 2907 1009 2970 hoc
1030 2908 1249 2972 constituendo
1271 2909 1325 2970 vel

81 3017 186 3096 potius
200 3013 368 3079 indicando
381 3048 422 3062 -
435 3017 464 3078 si
478 3015 572 3079 modo
592 3016 743 3078 memoria
764 3025 919 3090 tenemus,
943 3016 974 3078 in
995 3018 1135 3079 carmine
1153 3017 1323 3101 pangendo

81 3146 144 3187 non
166 3126 271 3187 omnia
293 3142 421 3206 semper
443 3145 485 3186 ex
507 3125 683 3205 composito
713 3123 790 3207 fingi
814 3123 908 3186 etad
931 3133 1079 3186 exactam
1101 3125 1245 3207 regulam
1269 3144 1324 3185 re-

82 3234 192 3297 vocari
204 3262 245 3275 -
260 3233 300 3296 ad
314 3236 454 3316 speciem
471 3235 566 3296 lixam
582 3242 614 3295 et
629 3232 748 3294 firmam
765 3233 949 3296 eliciendam
964 3240 1088 3314 poterat
1104 3232 1226 3297 deduci.
1260 3233 1325 3295 Vel

83 3342 166 3403 enlm
187 3341 329 3403 Homero
350 3353 481 3404 auctore
513 3344 616 3403 omnia
636 3342 677 3404 ad
699 3342 793 3403 huius
814 3343 933 3403 rettulit
954 3343 1145 3421 exemplum,
1167 3341 1222 3403 vel
1243 3361 1325 3422 poe-

83 3451 125 3513 tis
147 3450 374 3531 posterioribus
397 3449 554 3512 delenitus
581 3448 624 3511 ad
648 3448 808 3512 Graecam
832 3450 1003 3511 delineavit
1024 3468 1174 3529 normam,
1197 3451 1252 3512 vel
1272 3453 1326 3512 la-

83 3556 165 3618 bulis
186 3566 221 3619 et
239 3558 472 3621 narrationibus
493 3556 630 3636 antiquis
652 3556 682 3617 in
704 3555 840 3617 animum
869 3555 994 3617 haustis
1022 3555 1187 3619 Romanae
1216 3559 1326 3639 reipu-

85 3667 190 3730 blicae
212 3666 416 3729 condiciones
436 3663 584 3725 versibus
605 3662 673 3723 suis
693 3663 836 3726 intexuit.
878 3661 931 3723 Ab
951 3663 1091 3724 Homero
1113 3664 1176 3725 iam
1197 3684 1236 3726 eo
1257 3665 1327 3726 dis-

84 3774 192 3850 sentit,
216 3773 297 3856 quod
319 3790 415 3854 reges
435 3773 563 3834 minime
592 3791 649 3852 per
668 3773 823 3852 primores
844 3771 1077 3852 prohibeantur,
1101 3792 1120 3835 a
1141 3776 1326 3853 posteriori-

84 3879 157 3963 bus,
180 3881 266 3962 qnod
288 3899 385 3945 verae
408 3877 603 3943 Graecorum
627 3878 814 3960 disciplinae
833 3879 970 3941 nullain
992 3881 1062 3960 ipso
1081 3888 1168 3943 certa
1180 3889 1327 3943 constent

84 3987 237 4070 vestigia,
258 3987 301 4048 ita
322 3996 357 4048 ut
378 3989 537 4067 poeticum
559 3986 718 4067 quoddam
739 4006 907 4069 regnum
930 3989 1060 4071 evadat,
1085 3992 1167 4051 nullo
1188 4009 1325 4071 unquam

84 4104 228 4176 tempore
249 4098 373 4158 omnino
394 4116 414 4159 a
435 4097 588 4160 Romanis
609 4106 785 4179 receptum,
814 4097 873 4159 sed
901 4100 1013 4177 partim
1042 4119 1084 4161 ex
1105 4099 1325 4180 antiquissima

84 4200 224 4284 Romuli,
251 4201 379 4265 Numae
406 4223 582 4286 regumque
610 4205 741 4266 allorum
772 4206 933 4284 memoria,
963 4206 1075 4285 partim
1104 4227 1124 4268 e
1150 4209 1326 4268 novissima

84 4307 144 4371 sub
165 4308 315 4389 Augusto
337 4328 439 4371 rerum
462 4311 673 4373 conversione
700 4318 732 4371 et
753 4311 978 4372 constitutione
1011 4330 1071 4374 non
1092 4317 1162 4375 sine
1184 4312 1325 4397 consilio,

85 4415 270 4478 adulatione
292 4423 325 4476 et
346 4435 448 4478 rerum
469 4417 644 4480 futurarum
666 4418 893 4498 praesensione
915 4419 991 4479 mire
1016 4421 1233 4500 compositum.
1276 4421 1327 4482 lta

87 4523 171 4583 culm
192 4539 291 4605 roges
313 4525 428 4597 omnia,
456 4542 537 4605 quae
564 4524 605 4585 ad
626 4526 881 4606 rempublicam,
904 4525 1081 4607 militarem,
1103 4545 1227 4588 sacram
1249 4547 1325 4608 per-

86 4629 199 4710 tinent,
221 4628 368 4712 digerunt
388 4638 484 4710 atque
505 4631 659 4713 efficiunt,
682 4639 715 4692 ut
729 4651 823 4693 nemo
844 4631 912 4694 lere
927 4635 1092 4712 primorum
1114 4633 1208 4694 ullam
1230 4637 1325 4698 aliam

84 4756 218 4804 movere
245 4737 367 4805 audeat
391 4740 593 4824 sententiam,
615 4741 751 4822 populus
770 4757 850 4802 vero
873 4757 997 4801 ornnem
1018 4735 1189 4820 perdiderit
1209 4748 1326 4803 auoto-

1040 4851 1096 4916 ss
