3022 5234
189 242 250 304 too
613 246 668 306 lle
689 246 841 325 spoliis
863 249 1016 328 opimis

187 419 319 508 πλῆθος
334 415 435 485 i'ttooe
452 421 571 486 deniae
580 423 826 512 μεγαλοπρεπῆ,
847 425 902 489 nal
920 426 980 492 aori
1001 427 1141 514 στρατοῦ
1163 427 1385 513 aepreoaoiaog
1401 421 1434 495 ἐν

188 523 304 606 ὅπλοις
337 527 604 615 ἐστεφανωμένου
635 522 902 616 περιζωσάμενος
933 524 1041 612 αὐτός,
1081 526 1195 621 ὥσπερ
1224 530 1304 613 ἔθος
1336 534 1434 618 ἐστίν,

191 629 360 719 ἀναλαβών
381 629 438 722 τήν
459 627 710 726 aaprndprpapoa
724 637 779 703 καὶ
799 632 907 713 λαβών
927 641 1015 726 δᾷδα
1025 642 1205 729 καιομένην,
1227 642 1280 707 καὶ
1298 643 1343 708 δι’
1364 638 1432 728 oia·

188 744 338 832 poricere
358 745 422 808 τῶν
444 745 560 832 χειρῶν
581 739 728 826 &acopon
750 740 835 836 πρὸς
854 739 910 813 τὸν
930 741 1074 838 οὐρανόν,
1094 746 1231 832 ἔμελλεν
1247 743 1383 839 uictricem
1395 751 1438 840 τῇ

74 877 76 884 “
187 853 285 939 πυρᾷ.
310 858 393 918 Flor.
416 858 545 932 1V‚1a:
568 861 856 933 „Armavictorum
873 881 936 923 uon
958 883 1007 925 ex
1029 883 1139 925 more
1161 864 1256 925 belli
1278 871 1430 939 cremata,

186 963 245 1024 sed
268 963 368 1025 tracta
389 973 462 1025 suut
484 975 517 1026 et
539 968 570 1026 iu
594 969 787 1046 profluentes
809 969 917 1032 data.“

756 1222 789 1312 §-
812 1229 862 1292 ro.

606 1383 665 1435 lte
684 1381 831 1450 sponte
849 1383 1014 1452 oplmle.

270 1553 399 1615 Festus:
424 1550 556 1631 „Opima
576 1552 745 1631 magnilica
768 1561 800 1613 et
821 1555 943 1632 ampla;
967 1553 1049 1614 unde
1063 1556 1167 1633 spolia
1180 1573 1316 1636 quoque,
1333 1575 1432 1637 qtrae

188 1659 270 1722 dux
299 1661 334 1722 P.
357 1659 396 1722 a.
417 1658 513 1718 duci
540 1657 710 1719 hostium
739 1658 948 1742 detraxit,
972 1682 1105 1743 quorum
1127 1670 1214 1724 tauta
1235 1663 1350 1724 raritas
1373 1674 1433 1742 est,

187 1777 220 1830 ut
242 1771 321 1831 intra
341 1786 441 1829 annos
463 1769 558 1847 paulo
584 1810 1111 1833 ..................
1142 1771 1221 1831 trina
1244 1770 1433 1852 contigerint

186 1877 301 1936 nomini
314 1876 470 1953 Romano,
494 1895 565 1955 uua,
590 1871 837 1957 quaellomulus
860 1877 900 1940 de
922 1877 1059 1960 Acrone,
1080 1881 1190 1949 altera,
1211 1855 1297 1959 'uuae
1319 1880 1432 1940 consul

188 1984 313 2047 Cossus
342 1983 507 2046 Cornelius
539 1985 579 2046 de
606 1986 789 2061 Tolumnio,
821 1989 932 2064 tortia,
966 2005 1047 2067 quae
1075 1987 1120 2048 M.
1159 1986 1332 2049 Marcellus
1361 1987 1432 2047 lovi
1478 2068 1479 2074 ἵ

188 2092 331 2154 lleretrio
358 2090 397 2152 de
425 2091 615 2153 Virdomaro
644 2085 791 2156 fixerunt
835 2096 880 2160 Μ.
901 2094 1004 2156 Varro
1028 2098 1074 2157 ait
1095 2096 1200 2174 opima
1221 2092 1322 2174 spolia
1344 2111 1432 2172 esse,

188 2207 332 2268 etiamsi
364 2206 565 2286 manipularis
586 2208 678 2268 miles
700 2205 890 2281 detraxerit,
915 2204 1081 2266 dummodo
1106 2204 1179 2265 duci
1200 2202 1337 2262 hostium
1362 2240 1370 2257 ·
1391 2249 1398 2264 .
1423 2246 1429 2262 .
1461 2224 1464 2231 ’

188 2353 467 2375 ..........
497 2333 558 2374 non
580 2313 672 2374 sinte
716 2311 972 2394 utv.1v,2o:
1019 2313 1159 2393 „Spolia
1190 2310 1220 2370 in
1242 2307 1322 2370 aede
1344 2309 1431 2371 lovis

187 2421 321 2485 lt'eretrii
340 2439 438 2500 propo
460 2420 588 2482 Romuli
609 2423 726 2501 spolia,
749 2440 849 2502 quae,
872 2423 972 2503 prima
993 2423 1095 2504 opima
1118 2420 1373 2502 appellata‚sola
1395 2439 1433 2480 aa

187 2537 377 2608 tempestate
399 2535 499 2607 erant,
523 2545 595 2590 cum
618 2530 763 2591 sollemni
785 2529 984 2593 dedicatione
1006 2531 1089 2593 dono
1110 2530 1178 2590 fixit
1192 2562 1235 2576 -
1248 2525 1431 2589 -01nues

186 2647 268 2721 aute
283 2656 333 2698 me
355 2644 502 2697 auctores
521 2644 654 2698 secutus
677 2639 717 2699 A.
740 2638 919 2702 Cornelium
943 2640 1080 2702 Cossum
1102 2639 1304 2702 tribunum
1327 2638 1432 2699 mili·

187 2757 264 2808 tum
286 2744 429 2806 secunda
450 2745 552 2823 spolia
575 2747 678 2825 opima
701 2749 788 2809 lovis
811 2743 942 2811 Feretrii
966 2751 1081 2830 templo
1104 2746 1257 2826 intulisse,
1280 2744 1431 2823 exposui3

187 2865 342 2930 cetorum,
364 2862 599 2933 praeterquam,
620 2852 703 2933 quod
726 2872 765 2914 ea
787 2857 847 2914 rite
869 2855 973 2933 opima
995 2856 1095 2934 spolia
1117 2854 1291 2932 habentur,
1330 2868 1432 2932 quae

187 2961 265 3024 dux
288 2961 383 3024 duci
405 2959 601 3037 detraxit,
627 2982 668 3022 ne
691 2961 803 3022 ducem
827 2963 982 3038 novimus,
1005 2962 1063 3023 nisi
1085 2963 1175 3023 cuius
1195 2959 1337 3041 auspicio
1360 2959 1431 3021 bel-

186 3074 250 3135 lum
270 3073 404 3156 geritur,
425 3072 537 3134 titulus
556 3073 624 3150 ipse
647 3073 757 3151 spoliis
780 3071 949 3150 inscriptus
971 3073 1041 3133 illos
1063 3088 1177 3150 meque
1211 3072 1319 3152 arguit
1350 3069 1430 3131 cou-

186 3184 287 3244 sulem
309 3201 347 3242 ea
371 3180 508 3243 Cossum
532 3179 689 3257 cepisse.“
732 3175 809 3266 lude
830 3177 993 3258 Vergilius
1015 3176 1085 3256 Vl,
1107 3175 1187 3274 8³2:

270 3287 350 3362 Quia
374 3292 413 3355 te,
437 3301 551 3360 mapae
572 3283 661 3363 Coto,
684 3288 826 3363 tacitam,
849 3290 906 3342 aat
926 3289 968 3362 te,
992 3282 1099 3352 Oeace,
1123 3281 1310 3359 relinquat?

187 3407 219 3461 et
240 3393 400 3472 V1,856;

269 3503 401 3581 Aspice,
425 3506 463 3561 at
480 3498 617 3575 ineipm'e
637 3497 783 3574 spoliis
806 3496 987 3558 Marcellae
1009 3503 1152 3579 opimio

269 3607 468 3686 Inprerlitur,
488 3612 646 3686 victorque
666 3610 750 3665 viror
771 3608 983 3683 supereminet
1002 3606 1126 3667 omnia!

270 3720 333 3780 Hic
354 3736 420 3776 rem
442 3716 629 3792 Romanam,
651 3703 766 3790 rndpno
787 3713 934 3772 turbante
954 3715 1104 3793 tumultu,

267 3824 378 3904 Sistet,
396 3842 495 3901 eques
518 3801 641 3881 sternet
660 3821 784 3880 Poenos
805 3816 998 3896 Gallumque
1018 3822 1175 3904 rebellem,

271 3933 436 4011 Tertiaqae
457 3951 547 3991 arma
564 3934 652 4009 patri
670 3929 844 4006 suspendet
865 3934 959 4005 capta
981 3926 1128 4003 Quirino.

186 4039 288 4103 Cuius
320 4038 445 4100 decoris
475 4056 571 4118 quum
601 4035 682 4097 adeo
715 4052 786 4094 rara
824 4032 951 4097 fortuna
984 4034 1115 4112 fuisset,
1151 4045 1187 4098 ut
1220 4039 1278 4100 tria
1308 4045 1430 4101 tautum

186 4150 266 4210 inter
288 4153 335 4209 tot
356 4163 469 4225 anuos,
490 4154 537 4205 tot
558 4144 640 4204 bella
660 4148 751 4221 parta
773 4152 896 4220 essent,
918 4142 1060 4205 Aeneam
1084 4164 1277 4227 magnopere
1305 4164 1345 4207 se
1370 4165 1431 4207 au·

186 4267 309 4318 cturum
331 4262 419 4316 ratus
439 4263 489 4316 est
511 4252 602 4312 huius
622 4248 743 4333 gloriae
763 4250 947 4329 participem
970 4249 1142 4313 reddendo.
1166 4251 1243 4314 lude
1265 4251 1430 4315 Mezentio

186 4367 295 4429 occiso
328 4365 428 4428 omnis
453 4361 505 4423 illa
532 4357 706 4450 descriptio
736 4357 804 4436 Xl,
827 4355 952 4418 5-tt.
973 4359 1171 4443 intelligitur,
1203 4378 1286 4441 quae
1319 4364 1430 4425 vivam

184 4476 276 4538 nobis
297 4474 390 4537 huius
410 4471 456 4533 rei
477 4467 648 4548 imaginem
670 4466 848 4546 expressit:
1137 4461 1140 4465 ’

268 4586 433 4659 Inpentem
455 4570 605 4657 paeraam
628 4574 743 4633 deciu'e
763 4574 903 4654 undique
922 4579 1021 4636 ramis

268 4689 443 4764 Constituit
464 4682 595 4757 lamala,
612 4681 833 4761 salpentr'apae
853 4683 959 4744 induit
979 4703 1080 4772 erma,

270 4796 415 4857 Mezenti
433 4795 526 4854 dacia
546 4792 693 4872 ennoias,
717 4791 783 4871 ndi,
805 4808 929 4868 manne,
953 4796 1127 4871 tropaeum,
