3022 5234
471 251 1018 337 Devigiiiisexeubiisque.
1070 332 1075 344 Ι

209 432 337 497 Interea
358 437 489 513 cipilnm
511 437 653 497 excutite
674 433 817 495 obsidere
835 441 948 512 pertas

210 540 298 601 Cure
320 545 415 604 datter
435 544 588 620 Messapo
610 551 641 602 et
661 548 783 604 moenie
803 547 932 620 cingere
950 547 1098 623 fiammis.

211 649 271 708 Bis
293 659 411 727 septem
432 653 558 729 Rutuli,
576 672 684 712 maroe
705 656 764 733 qni
781 652 881 711 milite
901 658 1038 733 servent,

209 756 352 837 Delecti;
374 765 427 817 ost
445 758 517 818 illos
540 763 667 818 centeni
686 776 839 836 quemque
859 763 1023 817 sectentur.

128 857 339 925 Centuriones
362 882 419 927 eos
444 885 535 940 esse,
565 883 646 946 quos
670 868 797 926 centeni
825 873 1017 944 sequnntur,
1042 866 1102 925 iam
1126 865 1264 927 Servius
1285 866 1377 930 vidit

128 967 189 1030 His
211 971 343 1033 'l'aeitus
371 990 497 1055 qnoque
526 992 639 1034 mainus
666 974 793 1055 vigilias
817 972 952 1033 obeundi
975 974 1082 1035 tribuit
1103 974 1218 1036 Aneiai.
1241 976 1319 1056 XV,
1333 975 1378 1052 ·3;

128 1077 279 1140 „Addidit
305 1083 426 1164 gloriae
459 1080 597 1143 Corbulo
630 1081 811 1141 comitatem
842 1080 1032 1160 epulasque,
1062 1090 1094 1142 et
1113 1085 1277 1164 rogitante
1299 1101 1378 1164 rege

130 1185 306 1266 [Tiridate]
330 1209 455 1269 causas,
492 1191 639 1271 quotiens
662 1208 780 1250 novum
790 1170 919 1271 ‘aliquid
943 1189 1135 1267 adverterat,
1174 1200 1227 1264 ut,
1251 1192 1375 1254 initia

130 1295 361 1377 vigiliarum
383 1317 451 1377 per
471 1300 750 1361 centurionem
774 1299 1209 1380 nuntiari,--cuncta
1231 1300 1380 1364 inmaius

130 1400 280 1463 attollens
301 1401 505 1465 admiratione
528 1405 624 1483 prisci
636 1404 731 1464 moris
751 1405 901 1465 adiecito
924 1405 1011 1467 Hist.
1023 1407 1064 1487 11,
1073 1405 1129 1466 29:
1153 1406 1380 1488 »Deflagraiite

130 1508 291 1589 paullatim
313 1511 470 1572 seditione
492 1511 579 1573 addit
601 1511 766 1573 consilium
778 1513 886 1573 vetitis
910 1512 997 1574 obire
1016 1514 1145 1594 vigilios
1169 1515 1376 1577 centurio·

130 1616 257 1694 nibus,
281 1618 400 1680 omisso
424 1620 518 1680 tubae
540 1637 633 1696 sono,
657 1638 719 1700 quo
743 1621 834 1681 miles
856 1620 897 1680 ad
919 1621 1110 1684 bellimunia
1132 1623 1263 1686 cietur«
1285 1624 1377 1686 Milic

132 1743 214 1786 vcro
226 1724 447 1806 quadringenti
456 1725 614 1787 dimidiam
625 1726 694 1787 iere
706 1725 848 1788 efficiunt
861 1729 1029 1806 legionem.
1051 1730 1290 1792 Aliter'l'roiaui
1303 1731 1379 1793 174:

214 1833 325 1894 Omnis
343 1852 401 1909 per
424 1854 550 1894 murum
573 1835 662 1910 legio,
687 1841 799 1896 sortita
818 1838 971 1913 periclum

216 1941 371 2000 Emendat
391 1949 581 2020 exercetque
601 1948 697 2022 nicee,
722 1945 806 2021 qnod
825 1947 938 2022 eoique
958 1947 1149 2009 tuendumet.
1224 1990 1227 1996 -

135 2048 248 2113 Omnis
281 2050 300 2110 i.
323 2070 350 2110 e.
382 2052 505 2134 integra
537 2051 622 2132 legio
644 2051 756 2112 sortita
785 2052 934 2131 periclum
966 2052 984 2112 i.
1009 2072 1036 2116 e.
1065 2052 1105 2115 ad
1128 2051 1190 2112 hoe
1211 2050 1383 2132 periculum

134 2166 226 2219 sorte
248 2158 407 2221 destinata
440 2161 470 2220 in
493 2160 634 2220 excubiis
667 2164 771 2239 posita
795 2169 853 2222 est.
899 2159 971 2237 Quo
994 2160 1210 2222 Romanorum
1233 2180 1322 2222 more
1342 2179 1383 2223 ne

135 2266 321 2348 offendaris,
344 2269 460 2331 suadet
483 2269 608 2333 Caesar
632 2270 668 2330 B.
681 2267 763 2333 Gall.
776 2269 850 2348 vn,
863 2268 920 2330 tl:
945 2271 1113 2345 ,‚lnetituto
1139 2267 1291 2333 Caesaris
1302 2268 1385 2329 duae

135 2393 265 2454 semper
289 2377 433 2459 legiones
454 2394 511 2454 pro
533 2373 649 2436 castris
670 2375 902 2435 excubabant
926 2373 1049 2435 lieinde
1066 2373 1239 2437 notandum
1251 2384 1310 2445 est,
1321 2393 1385 2435 non

135 2485 290 2566 integram
318 2496 443 2547 noctem
470 2483 510 2545 ab
532 2481 646 2544 iisdem
673 2481 836 2564 vigilando
860 2483 939 2564 teri,
977 2481 1034 2543 sed
1057 2486 1150 2543 vices
1173 2481 1292 2550 variari
1314 2485 1386 2543 siue

137 2589 235 2654 dubio
255 2592 408 2665 secunda,
433 2592 539 2672 tertia,
562 2598 675 2670 quarta
697 2589 818 2673 vigilio.
864 2591 912 2651 lta
934 2599 1048 2670 postea
1069 2607 1197 2670 quoque
1223 2589 1386 2671 Euryalus

137 2699 300 2764 decedens
322 2702 387 2773 lx,
410 2699 489 2761 220:

466 2787 469 2792 Ι
574 2812 694 2888 Vipilee
714 2808 813 2871 simul
831 2802 1039 2895 cecitatjllli
1093 2814 1094 2819 ’

223 2908 410 2983 Succedunt
430 2926 620 2999 tenentque
642 2923 763 2979 vices.

138 3029 248 3090 Locus
271 3029 436 3108 unicuique
450 3028 642 3111 adsignatus
663 3029 795 3089 statio
818 3025 1002 3105 appellatur.
1024 3023 1177 3108 lx,1se:

226 3134 304 3193 Tum
327 3154 450 3213 petoque
472 3138 630 3195 communi
648 3140 774 3211 portam
795 3137 980 3194 statione
1001 3136 1157 3194 tenebant.

139 3239 200 3321 IX,
221 3241 300 3303 222:

759 3345 946 3407 Statinae
966 3348 1078 3407 relicta

223 3460 297 3536 lpse
320 3477 423 3518 eomes
444 3455 526 3516 Nim
544 3457 703 3532 graditur,
727 3473 896 3533 regemque
916 3458 1094 3533 requirnnt.

141 3565 265 3628 Verum
288 3564 445 3642 1x,1762

222 3674 328 3737 Nisus
348 3679 420 3732 erat
436 3679 581 3751 portae
603 3676 719 3746 enetos,
744 3673 922 3731 acerrimus
943 3672 1052 3730 ermis.

142 3777 238 3856 Quod
258 3789 380 3860 portam
404 3779 553 3855 custodit,
582 3778 613 3840 id
636 3795 764 3858 quoque
784 3779 890 3857 possis
912 3786 947 3839 ut
967 3796 1032 3838 rem
1054 3778 1248 3861 singularem
1272 3777 1383 3840 cousi-

140 3885 251 3947 derare
273 3887 395 3947 ratione
418 3887 604 3966 praesertim
625 3884 733 3946 habita
755 3885 815 3947 loci
838 3884 878 3945 dc
899 3885 1012 3964 apibus
1035 3883 1157 3969 Georg.
1179 3887 1239 3968 IV,
1263 3886 1337 3948 165:

223 3990 317 4067 Serti,
341 3994 454 4070 quidne
478 3995 528 4053 od
544 3999 689 4070 pertas
712 3993 827 4050 cecidit
845 3991 986 4049 antona
1008 3996 1095 4062 sorti,

223 4102 325 4180 Inque
345 4105 470 4159 vicem
492 4100 700 4176 speculantur
723 4117 826 4176 aprina
847 4104 879 4157 et
901 4099 1009 4158 credda
1031 4101 1119 4160 caeli.

142 4203 267 4282 Quibus
291 4209 371 4267 enim
394 4217 552 4288 portarum
575 4226 650 4270 enra
673 4206 862 4268 demandata
885 4216 947 4286 est,
963 4208 1176 4288 probatissimi
1188 4209 1251 4269 sint
1263 4216 1387 4287 oportet

141 4314 269 4377 milites.
294 4313 389 4394 Apud
412 4313 580 4394 Polybium
604 4330 682 4371 vero
704 4322 778 4372 sunt
799 4298 1027 4397 ypooqoopdgot
1048 4313 1105 4387 Vl,
1131 4312 1184 4389 35,
1204 4314 1241 4374 5:
1263 4301 1386 4374 Ἐπίτε

140 4416 206 4483 τῶν
229 4407 365 4482 εἰσόδων
388 4407 449 4480 elno}
471 4413 550 4480 δέκα
572 4414 743 4479 ποιοῦνται
763 4406 886 4480 τούτων
908 4408 1013 4482 αὐτῶν
1033 4408 1094 4492 nde
1115 4415 1331 4504 apennicolae.
