3022 5234
496 246 554 308 Da
590 245 762 309 aedibus
798 243 1000 310 Romanis.

360 428 513 492 uacant
531 429 658 507 perfusi
676 433 834 504 samaiae
850 431 993 508 fratrum

216 537 408 618 Euaila‘opue
429 541 541 598 damac
557 544 589 598 et
602 537 715 597 dalaia
736 538 846 597 limina
866 544 1000 600 mutuat.
1107 582 1109 587 ·

136 641 356 726 uelog.vu1,
379 643 441 708 92:
514 696 517 703 .

140 807 142 812 .
164 755 167 758 ’
216 751 359 826 Pipaara
378 772 455 812 cara
476 756 538 825 aaa,
554 770 646 831 puae
665 768 753 810 narra
771 770 828 827 eqo
850 751 957 810 limiae
975 753 1010 809 ia
1030 752 1109 828 ipra,

162 871 163 874 ’
223 859 329 936 Terra,
355 865 412 922 tibi
434 867 557 922 manda.

136 965 188 1027 Ex
210 965 273 1030 hoc
293 987 390 1030 sensu
415 969 601 1050 explicanda
621 968 828 1031 advenientis
839 968 971 1028 Aeneae
992 967 1110 1028 laetitia
1133 967 1189 1044 ΙΙΙ,
1210 967 1292 1031 350:

217 1076 376 1153 Perqama
394 1084 426 1137 et
447 1086 586 1137 arentem
608 1078 735 1139 Xanthi
754 1077 936 1152 copamm'ae
957 1077 1054 1134 rivam

217 1183 384 1260 Adanaoao
405 1185 588 1264 Scaeaeque
607 1185 779 1260 amplector
799 1185 909 1245 limina
927 1191 1058 1261 partae:

136 1313 363 1377 discedentium
386 1318 546 1379 mulierum
568 1316 751 1377 lamentatio
772 1318 814 1390 ll,
835 1315 915 1379 490:

215 1451 455 1530 Amplearaeque
477 1455 585 1510 teneat
601 1455 702 1525 postia
724 1450 825 1527 adque
846 1435 956 1509 cacata
974 1453 1086 1528 liquat.

135 1558 258 1619 Limina
276 1556 352 1621 vero
379 1560 447 1639 ipsa
475 1566 649 1638 postesque
671 1579 745 1620 aere
768 1560 935 1622 conlectae
958 1561 1010 1623 vel
1039 1564 1201 1643 vestitae,
1226 1561 1374 1627 cardines

134 1667 195 1749 ipsi
216 1668 343 1748 saepius
364 1666 449 1727 aerei
476 1675 576 1730 erant.
630 1665 786 1728 „Cautum
822 1667 903 1728 enim
935 1666 1057 1744 luerat,
1089 1669 1134 1731 ait
1167 1671 1305 1732 Servius
1334 1669 1374 1733 ad

123 1763 218 1841 'Aen
238 1777 263 1851 l,
285 1775 367 1852 449.,
389 1781 462 1853 post
484 1772 637 1853 proditum
659 1773 803 1834 hostibus
824 1792 844 1834 a
866 1773 1001 1854 'l'arpeia
1029 1776 1156 1859 virgine
1173 1777 1375 1861 Capitolium,

136 1893 170 1945 ut
190 1885 275 1945 aerei
296 1885 440 1944 cardines
463 1884 587 1962 fierent,
610 1900 741 1961 quorum
764 1879 880 1942 stridor
902 1891 1014 1961 posset
1035 1892 1144 1967 aperta
1166 1867 1246 1947 ostia
1268 1888 1374 1948 omni-

135 1991 195 2054 bus
214 1990 383 2053 indicarem
429 1990 626 2071 Quapropter
652 2008 715 2050 non
744 1989 814 2050 sine
840 1999 990 2071 respectu
1019 1991 1061 2053 ad
1090 1990 1281 2074 Capitolium
1301 1996 1375 2061 uo-

137 2120 261 2162 manum
293 2099 333 2161 de
361 2099 412 2162 illo
443 2099 646 2180 Carthaginis
674 2098 893 2178 Capitolio-
921 2099 974 2174 hic
997 2103 1080 2162 enim
1102 2119 1229 2183 quoque
1252 2114 1376 2186 caput

138 2207 290 2270 effossum
312 2206 411 2268 luisse
432 2217 535 2268 narrat
557 2208 582 2283 Ι,
602 2208 672 2269 444.
693 2241 734 2254 -
756 2208 787 2269 et
809 2210 935 2271 lunonis
957 2210 1076 2291 templo
1095 2212 1258 2295 praedicat
1278 2215 1356 2281 448:

218 2316 323 2377 Aerea
343 2321 396 2375 aar'
412 2317 566 2392 aradibus
586 2317 760 2392 serpebant
780 2317 889 2376 limiae
910 2336 1077 2398 nexaeque

219 2424 304 2485 Aere
326 2426 440 2505 trabea,
458 2427 584 2505 foribus
605 2426 701 2485 cardo
721 2427 874 2486 stridebat
894 2431 991 2486 aenis.
1033 2403 1038 2407 ι

138 2556 229 2635 Quod
252 2559 399 2636 quamvis
422 2554 535 2635 publici
556 2557 600 2616 sit
620 2554 770 2636 aedilicii,
802 2555 855 2616 hic
873 2565 979 2616 tamen
1000 2556 1118 2619 addere
1145 2559 1276 2623 iuvabit.
1326 2562 1376 2626 Ad

136 2666 236 2747 ipsam
260 2665 343 2724 illam
364 2663 528 2723 historiam
549 2663 733 2742 respexisse
753 2662 879 2724 videtur
902 2663 967 2725 Cir.
990 2663 1073 2728 220:

219 2799 360 2876 Sarpere
379 2802 600 2886 censuarios,
633 2803 769 2885 sarcitum
790 2817 863 2870 aara
879 2804 1004 2878 fecerat
1023 2802 1073 2866 tta

69 2915 73 2924 '
135 2976 139 2980 ,
218 2907 400 2971 Marmorea
420 2912 549 2967 aeratas
569 2907 707 2980 strideas
727 2910 762 2965 ia
784 2907 890 2977 laniae
912 2909 1016 2969 cardo.

138 3018 285 3099 Pyrrhus
306 3013 431 3084 aedium
453 3012 569 3078 Priami
590 3014 635 3093 ll,
653 3011 734 3076 4802

144 3171 147 3174 -
217 3125 348 3186 Limata
363 3125 541 3200 perrumpit
556 3125 719 3200 pactisque
740 3141 760 3181 a
782 3123 913 3186 caratiae.
932 3124 1019 3188 cellit

218 3233 405 3295 Aeratas.
605 3296 608 3303 ,
1300 3292 1305 3302 ,

101 3350 107 3365 “
135 3345 257 3407 Similia
277 3349 383 3407 narrat
405 3339 524 3405 Plinius
546 3339 590 3403 Ν.
614 3339 656 3399 Η.
676 3339 841 3414 XXXIV,
861 3341 896 3403 7:
927 3342 1053 3403 „Prisci
1078 3341 1184 3407 limine
1211 3343 1309 3412 etiam
1330 3322 1376 3410 'aa

134 3452 249 3523 ualuas
276 3469 317 3510 ex
346 3465 420 3511 aere
450 3451 483 3509 in
515 3446 641 3526 templis
674 3445 921 3508 factitavere-
943 3446 1091 3526 —Quin
1123 3446 1217 3513 etiam
1247 3449 1378 3529 privata

135 3560 293 3642 opulentia
316 3577 354 3620 eo
376 3557 469 3619 modo
491 3563 642 3634 usurpata
663 3562 722 3617 est.
766 3552 899 3629 Camillo
927 3554 1007 3615 inter
1029 3554 1162 3632 crimina¹
1179 3557 1297 3627 obiecit
1318 3561 1374 3639 Sp.

134 3668 298 3737 Carvilius
316 3677 490 3751 quaestor,
526 3664 610 3748 quod
636 3673 746 3737 aerata
766 3665 855 3737 ,ostia
882 3664 1014 3726 haberet
1043 3663 1074 3729 in
1105 3662 1228 3736 domam
1272 3667 1372 3740 Immo

132 3780 230 3844 etiam
251 3777 327 3856 Vll,
347 3777 425 3839 6222

219 3887 301 3947 Belli
317 3858 502 3964 ferratos
522 3885 641 3959 rumpat
661 3880 817 3945 Saturnia
835 3885 953 3960 postia

135 3993 195 4059 Cui
219 3993 376 4063 consentit
398 3993 425 4072 Ι,
448 3988 527 4053 293:

135 4166 137 4171 ,
466 4101 566 4161 Dirae
584 4101 695 4173 ferro
715 4104 748 4157 et
768 4099 970 4174 compaaibaa
992 4103 1073 4158 artis

212 4209 411 4274 claudentur
431 4208 518 4268 Belli
535 4213 658 4285 portae,

127 4347 279 4410 Ceterum
300 4340 447 4404 cardines
469 4342 552 4407 aerei
575 4361 636 4402 non
663 4361 719 4420 eo,
744 4360 804 4423 quo
826 4349 1004 4410 nostrarum
1025 4342 1157 4422 lorium,
1183 4339 1281 4405 mado
1299 4337 1378 4405 facti

130 4458 235 4522 erant,
266 4468 327 4511 non
355 4449 386 4516 in
411 4447 559 4529 postibus
582 4446 641 4508 sed
666 4448 789 4527 inipso
817 4449 923 4512 limine
945 4455 978 4509 et
999 4447 1087 4518 trabe
1108 4445 1241 4521 immissi
1262 4446 1377 4509 haere·

132 4557 219 4632 bant,
241 4556 277 4616 iis
297 4557 427 4632 similes,
450 4575 529 4636 quos
552 4564 711 4625 nostrates
734 4558 809 4619 altis
828 4555 930 4620 adhuc
950 4557 1048 4637 portis
1071 4553 1212 4638 inligant.
1254 4556 1376 4621 'llalium

131 4664 294 4746 Pompeiis
314 4663 551 4743 Herculanique
572 4671 699 4742 reperta
719 4671 793 4735 sunt
815 4665 970 4743 exempla,
991 4662 1072 4724 tales
1094 4664 1197 4725 auimo
1213 4660 1276 4727 sihi
1289 4661 1378 4723 linxit

136 4776 292 4881 poeiaxu,
313 4773 385 4841 aso.
409 4770 479 4835 aaa.
521 4774 579 4852 ur,
601 4770 673 4832 448.
716 4770 773 4853 vr,
797 4769 868 4831 573.
912 4770 990 4852 vu,
1012 4771 1088 4832 cer..
1125 4769 1185 4851 rx,
1206 4769 1280 4845 aaa.
