3022 5234
133 229 137 237 ’
172 235 232 302 188
587 235 643 298 lle
677 227 957 299 libationibus.

169 418 236 482 Sed
257 416 378 502 Georg.
406 419 468 496 1v,
488 418 559 484 381.
588 437 685 501 quum
706 418 831 483 Oceano
852 418 983 478 libemus
1008 413 1125 476 dietum
1151 406 1203 487 sit,
1240 409 1349 470 vinum
1377 409 1411 468 in

170 526 328 589 flammam
348 525 419 591 384.
434 525 585 591 tunditur.
627 526 698 588 lovi
719 525 812 607 piotis
831 526 894 606 IV,
914 523 1000 588 20⁷:

253 634 344 697 uene
364 635 492 713 epulata
511 637 591 694 tora‘o
613 632 779 698 Lenaeum
800 633 879 694 libet
896 631 1059 693 bonorem.

172 741 248 818 Vll,
275 741 348 804 133:

251 855 351 916 Nune
368 859 499 934 poterae
520 853 613 914 libate
633 853 710 915 Iovi.

169 959 346 1045 xss,174:

99 1060 100 1063 ¹
630 1067 820 1146 Patarisque
841 1063 958 1127 altaria
978 1063 1085 1126 libant.

169 1176 219 1237 De
242 1173 363 1238 Cerere
384 1181 490 1236 monet
509 1179 605 1254 poeta
627 1169 748 1256 Georg.
771 1173 797 1253 l,
818 1168 896 1234 844:
974 1208 975 1211 =
1061 1158 1064 1163 ¹

253 1286 315 1348 Oai
333 1292 368 1347 tu
390 1286 472 1347 laete
487 1286 582 1365 faron
603 1291 634 1346 et
653 1288 724 1344 miti
740 1284 826 1344 dilue
842 1264 985 1344 'Baraba

171 1392 313 1456 Offendit
333 1392 517 1474 Euangelus
539 1391 622 1473 apud
643 1390 784 1455 lllaorob.
807 1391 866 1471 lll,
881 1390 940 1474 11,
964 1389 1045 1476 quod
1066 1389 1140 1452 vino
1152 1388 1265 1453 Cereri
1287 1391 1412 1455 libetur.

169 1502 395 1564 Praetextatus
417 1503 462 1561 ita
484 1497 636 1579 defendit,
653 1508 687 1561 ut
707 1501 815 1585 mulso,
830 1498 918 1561 libari
933 1498 1120 1561 contendat:
1145 1499 1202 1578 „N
1204 1503 1290 1559 otum
1304 1507 1412 1562 autem

170 1628 246 1671 esse
268 1628 329 1671 non
351 1587 540 1689 diffitebere,
562 1604 647 1688 quod
663 1605 702 1669 ad
724 1605 806 1669 diem
825 1605 1046 1681 duodecimum
1070 1605 1222 1668 kalendas
1245 1607 1413 1669 lanuarias

169 1718 299 1779 Herculi
314 1725 347 1778 et
369 1714 481 1779 Cereri
502 1716 622 1778 iaoinrit
641 1734 699 1778 sue
721 1698 914 1799 praegnata,
928 1692 1224 1797 pddlbirs,mnlso.“
1257 1712 1325 1778 Sed
1347 1715 1410 1777 iam

170 1823 253 1905 apud
278 1823 447 1886 Catonem·
462 1823 500 1887 lt
528 1823 567 1888 ll.
590 1820 664 1886 134:
702 1825 842 1901 „Postea
871 1804 982 1888 cedrini
1009 1808 1144 1889 iaxta'e't
1162 1825 1274 1888 vinum
1297 1821 1411 1889 dato.“

170 1930 293 1995 Verum
314 1932 396 1994 enim
420 1949 497 1993 vero
518 1929 579 1994 bae
601 1932 712 1994 olnnes
734 1931 902 1994 libationes
915 1930 994 1994 vi'ud
1014 1932 1163 2015 peraetae
1184 1941 1278 2010 sont3
1301 1934 1410 1996 exsti·

170 2046 275 2101 terunt
295 2040 378 2102 aliae
399 2058 526 2122 qnoque
546 2039 616 2102 aliis
635 2038 807 2121 liquoribus
829 2038 1022 2105 offeieddae.
1043 2036 1126 2104 noe·
1138 2041 1248 2103 neseio
1271 2038 1312 2102 an
1333 2060 1413 2122 per-

170 2149 269 2207 tineat
290 2163 360 2207 mos
382 2145 435 2206 ille
456 2145 596 2219 Aeneae,
610 2146 673 2232 “qui
693 2153 816 2226 patrem
839 2144 1021 2209 'l'ibeiinnln
1052 2140 1286 2228 Nymphasque
1320 2149 1414 2213 Lan-

170 2263 278 2317 rentes
301 2254 488 2318 adoraturus
522 2253 615 2337 Vlll,
637 2253 688 2319 69.
722 2260 783 2316 rite
805 2256 892 2342 eoois
913 2258 1032 2317 undam
1062 2259 1101 2317 de
1128 2259 1262 2336 flumine
1295 2262 1415 2336 puna

170 2363 325 2438 Sustinet,
350 2363 410 2424 nisi
431 2363 539 2426 verius
561 2366 620 2444 sit,
650 2364 733 2428 bauo
753 2355 969 2432 lustrationem
1000 2385 1093 2444 esse,
1124 2387 1186 2431 non
1216 2367 1410 2432 libationem.

169 2471 272 2534 Estne
292 2472 331 2535 ad
354 2472 512 2536 flammam
532 2476 636 2537 solum
657 2473 927 2579 planderada-gd
938 2476 1066 2569 deneas
1087 2463 1250 2540 saerilieat¹
1259 2477 1318 2554 Vl,
1333 2478 1416 2541 254:

253 2581 378 2658 Plrique
397 2601 494 2661 super
514 2583 615 2644 oleam
637 2582 812 2663 infundens
832 2582 1017 2645 ardentibus
1036 2589 1151 2646 eetr'o.'

169 2687 353 2751 Notandum
376 2689 471 2771 enim,
499 2707 625 2755 sacrum
646 2690 709 2753 boo
726 2688 894 2754 looo'dmi
907 2678 1025 2774 Stygio
1047 2691 1119 2753 lori
1138 2699 1171 2752 et
1189 2689 1412 2773 Proserpinae.

169 2793 283 2858 Oleum
295 2813 387 2878 vero,
409 2797 459 2858 lae
481 2799 678 2880 sanguisque
692 2798 907 2861 libamentum
922 2797 1041 2862 inleriis
1056 2794 1293 2862 adhibebantur.
1317 2799 1412 2879 Quod

170 2905 318 2987 quamvis
341 2903 381 2965 ad
402 2905 595 2985 sepulturam
616 2909 743 2987 proprie
764 2906 1047 2988 sit-relegandum,
1070 2906 1121 2972 bie
1142 2915 1247 2971 tamen
1277 2907 1415 2972 demon-

169 3015 263 3076 strari
283 3013 387 3076 liceat.
410 3015 469 3098 Vl,
491 3014 563 3081 224.
584 3015 615 3077 in
637 3013 785 3078 bonorem
808 3015 942 3078 birsenir

631 3122 788 3200 congesta
810 3132 994 3186 cremantur

254 3229 357 3291 ibren
377 3232 472 3310 dona,
494 3231 601 3308 dapes,
621 3231 698 3310 faro
721 3236 861 3291 caeterea
880 3231 992 3293 oliae.

79 3402 86 3423 1
168 3336 253 3398 Hine
272 3337 448 3419 explioandi
468 3353 586 3399 versus
608 3336 790 3399 suavissimi
811 3339 928 3420 llelog.
948 3340 991 3416 V,
1011 3339 1070 3403 66⁴:

246 3449 336 3510 Erae
356 3449 439 3509 duaa
460 3446 523 3519 tibi,
546 3443 689 3524 Daphni,
711 3446 795 3506 duae
816 3447 933 3507 altario
955 3448 1092 3509 Plroedo.

247 3555 371 3616 Pocula
391 3557 466 3616 bina
486 3572 564 3613 rrooo
585 3557 768 3630 spumantia
790 3554 897 3615 laete
919 3563 995 3635 quot
1014 3558 1128 3618 ιιιιιιίιι

249 3663 462 3744 craterasque
481 3665 560 3724 duaa
581 3668 720 3726 statuam
741 3665 799 3724 tibi
814 3667 946 3741 pinputa
967 3665 1023 3724 oli
1029 3666 1075 3727 υἱ.

167 3770 278 3831 'l'ibull
302 3771 384 3853 eleg.
407 3769 521 3850 111,2,
546 3770 603 3835 19:

248 3879 291 3939 m
312 3879 443 3959 primurn
467 3899 587 3942 annoso
608 3887 758 3962 spargant
780 3881 912 3944 eolleota
934 3881 1059 3964 Lyaeo,

329 3986 409 4047 Mox
432 3986 526 4047 etiam
544 3986 639 4047 niveo
661 3984 795 4049 fundere
815 3988 899 4049 lacte
920 3996 1041 4067 parent.

165 4112 270 4175 Varro
294 4110 386 4184 Cato,
411 4113 464 4174 vel
485 4112 525 4175 de
545 4113 651 4174 liberis
678 4112 851 4176 eduoandis
886 4117 986 4197 (apud
1008 4119 1091 4183 Non.
1114 4138 1142 4181 s.
1166 4141 1200 4182 v.
1220 4121 1350 4194 Roma)
1375 4121 1417 4184 ir.

165 4241 195 4303 p.
216 4219 292 4284 319:
316 4223 437 4297 „Hisce
459 4223 601 4284 manibus
621 4223 705 4286 laote
725 4223 773 4306 lit,
792 4245 852 4288 uon
871 4226 973 4288 vino.“
1001 4228 1079 4290 l’lin.
1103 4229 1145 4290 N.
1171 4229 1210 4290 ll.
1233 4228 1328 4308 xlv,
1354 4229 1414 4292 14:

165 4329 356 4407 „Romulum
377 4332 472 4410 laete,
494 4349 557 4390 non
578 4330 650 4392 vino
672 4332 799 4413 libasse,
824 4324 938 4396 indioio
960 4344 1034 4397 suut
1054 4354 1150 4399 saera
1176 4336 1217 4400 ab
1248 4356 1287 4400 eo
1320 4339 1419 4402 insti-

166 4432 253 4512 tuto,
266 4457 348 4519 quae
368 4436 463 4498 hodie
483 4435 664 4500 custodiunt
685 4437 839 4501 morem.“
852 4442 1055 4526 Arnob.Vll,
1068 4443 1126 4511 to:
1150 4445 1265 4524 „Quod
1276 4446 1305 4506 si
1315 4455 1414 4528 grata

164 4545 342 4640 numinibus
366 4544 475 4606 inieris
498 4564 550 4625 ea,
574 4563 660 4628 quae
678 4555 752 4608 sunt
779 4548 882 4632 nigra,
898 4550 1044 4633 furvique
1060 4554 1251 4616 existimatis
1273 4558 1419 4621 eoloris:

165 4671 219 4713 our
249 4670 311 4711 non
344 4651 448 4713 omnia
473 4660 592 4732 cetera,
625 4674 707 4736 quae
734 4654 856 4720 illorum
888 4657 1004 4720 inferre
1034 4658 1199 4722 sacrifieiis
1220 4665 1320 4723 moris
1344 4672 1415 4748 est,

164 4761 228 4823 sint
249 4763 342 4843 nipra
364 4767 397 4822 et
411 4759 575 4844 fumigata,
589 4768 735 4844 tetreque
753 4769 787 4825 ut
808 4763 950 4828 colorata
975 4765 1119 4833 curatis?
1141 4766 1361 4849 luboitetura,
1385 4773 1416 4836 ai
