3022 5234
139 250 203 313 254
551 252 607 314 De
638 252 736 314 artis
767 254 970 335 oporibus.

223 433 326 508 Quale
344 453 460 495 mortua
482 435 606 496 addunt
624 438 710 496 ebori
729 437 837 511 denua
861 443 919 498 out
938 440 994 499 udt’
1009 440 1093 517 steno

221 541 399 618 Arqmtum
421 545 578 604 Pariusve
599 545 680 620 lapis
701 545 920 607 circumdatur
939 565 1029 607 atrro.

139 646 182 708 ed
202 665 295 728 quam
320 647 554 711 observandum
576 668 651 710 esse
672 649 817 732 videtur,
854 654 959 732 ipsum
990 653 1132 717 colorum
1166 654 1248 719 inter
1276 675 1317 721 se
1337 658 1388 722 di-

140 756 290 817 stinctam
321 757 551 839 eleganterque
575 757 781 819 commixtam
802 755 1011 820 differentiam
1034 760 1142 822 multis
1163 764 1265 841 loeis,
1300 776 1339 829 ut
1358 768 1388 829 in

12 877 15 883 ’
139 875 252 926 orinatu
274 867 416 942 Aeneae,
439 863 581 924 eiusdem
604 864 719 944 olipeo,
751 864 830 926 alias
849 865 1005 928 lectorum
1028 867 1121 948 quasi
1142 873 1244 936 oeulis
1266 894 1387 957 propo·

139 993 224 1036 nere.
270 972 321 1036 Cf.
344 974 421 1048 xit,
440 973 496 1034 67:

219 1085 337 1147 Indum
357 1084 534 1157 eonyur’oteo
554 1079 652 1141 aetati
670 1080 834 1142 violaverit
851 1091 965 1146 ostro

151 1239 154 1245 ,
220 1191 333 1275 Siquis
353 1196 466 1271 ebur,
489 1199 546 1252 aot
564 1195 667 1252 mineo
687 1194 804 1253 rudent
821 1195 876 1254 odi
897 1193 966 1256 litio
987 1197 1089 1257 mulla

222 1304 307 1364 Atto
329 1321 413 1362 roeo.

141 1411 182 1473 ad
204 1429 300 1493 quam
323 1427 402 1470 vero
425 1411 692 1489 comparationem
711 1425 774 1469 non
796 1407 949 1470 artilieum
972 1427 1081 1488 opere,
1102 1443 1143 1458 -
1165 1411 1282 1494 quippe
1304 1429 1385 1493 qua·

138 1518 283 1581 tie'nnlla
304 1521 451 1579 novimus
474 1514 592 1576 —sed
615 1515 788 1576 Homerum
811 1514 847 1575 ll.
870 1515 933 1589 tv,
957 1515 1032 1576 14¹:

219 1613 276 1698 Ὡς
298 1620 329 1684 d’
350 1613 405 1685 ὅτε
428 1617 479 1695 τίς
498 1615 689 1705 τ’ἐλὲφαντα
709 1608 786 1704 γυνή
806 1614 929 1705 φοίνικι
946 1608 1043 1706 μιήνῃ

220 1728 348 1817 Μῃονὶς
368 1721 404 1816 ἠὲ
426 1719 565 1814 Κάειρα,
589 1716 729 1814 mentitos
751 1718 889 1807 ἔμμεναι
909 1722 1031 1793 ἵππων.

139 1861 250 1905 ansam
271 1840 400 1902 dedisse
422 1859 504 1918 reor,
527 1839 620 1918 plane
641 1846 674 1897 ut
697 1834 813 1899 Ovidio
836 1836 944 1898 Amor.
966 1838 1013 1914 11,
1032 1835 1071 1920 5,
1100 1836 1162 1920 37,
1183 1840 1238 1923 qui
1259 1840 1382 1925 vergi.

140 1952 214 2013 lium
239 1968 365 2030 quoque
389 1948 528 2008 imitatus
550 1954 617 2006 est:

220 2058 324 2137 Quale
346 2074 440 2117 rosae
462 2055 586 2138 fulgent
608 2053 688 2113 iuter
709 2069 769 2114 sua
791 2053 852 2115 lilia
875 2052 1006 2130 mixtae,

260 2166 325 2226 Aut
345 2164 396 2224 ubi
417 2165 554 2223 cantatis
576 2162 668 2222 Luna
689 2159 812 2223 laborat
836 2161 937 2242 equis,

219 2275 285 2335 Aut
307 2271 403 2354 quod,
427 2290 468 2332 ue
494 2273 596 2352 longis
619 2270 799 2332 llaveseere
821 2268 923 2350 possit
943 2267 983 2330 ab
1006 2269 1105 2342 annis,

260 2380 408 2441 Maeonis
430 2379 602 2458 Assyrium
624 2378 741 2439 femine
762 2376 856 2438 tinxit
879 2375 965 2440 ebur.

137 2475 187 2549 ut
209 2488 341 2548 Metam.
362 2488 421 2563 IV,
442 2485 519 2548 3³2:
544 2488 648 2547 nebori
672 2486 798 2548 tincto«
843 2483 955 2545 Altera
973 2489 1078 2544 tamen
1110 2482 1306 2563 comparatio
1338 2485 1378 2547 ad

134 2594 180 2654 rei
202 2597 371 2655 veritatem
394 2602 444 2655 est
464 2595 610 2675 formata,
632 2595 675 2656 Xe
700 2591 775 2654 134:

218 2701 331 2777 molis
350 2723 497 2778 qemmo
519 2707 629 2777 micat,
647 2702 770 2783 fulvom
792 2721 873 2782 qttue
893 2701 1004 2760 dividit
1024 2717 1149 2774 amum,

216 2810 287 2872 Ant
307 2813 386 2870 eollo
405 2813 502 2870 &eus
524 2817 582 2869 out
601 2813 709 2888 copiti,
728 2809 779 2868 ool
799 2808 894 2887 quale
911 2827 971 2885 por
990 2812 1092 2867 ortem

218 2919 385 2978 Inclusum
406 2920 514 2978 dumo
535 2924 594 2979 out
614 2919 722 2979 Oricia
744 2915 919 2977 terebintho

216 3027 320 3088 Lucet
338 3029 430 3087 ebur
452 3069 460 3084 .
482 3069 490 3085 .
512 3069 520 3085 .
542 3068 551 3086 .

132 3136 168 3197 ln
189 3132 252 3211 hae
271 3137 506 3216 comparatione
528 3134 712 3195 obscuriore
733 3134 879 3215 opposita
906 3143 978 3196 sunt
1007 3133 1232 3217 lueidioribus‚
1269 3134 1377 3197 album

132 3243 236 3327 nigro,
260 3252 292 3305 ut
313 3248 345 3305 in
368 3244 419 3306 illa
442 3245 514 3305 albo
537 3227 674 3306 rubrum.
716 3244 766 3305 De
787 3262 822 3306 re
845 3243 916 3323 ipsa
936 3243 1048 3305 audias
1069 3243 1148 3307 Plin.
1171 3243 1212 3305 N.
1227 3242 1374 3323 H.XV1,

129 3350 202 3439 84³„
224 3350 343 3433 „Quae
369 3353 399 3412 in
428 3352 561 3412 laminas
582 3358 751 3431 secantur,
780 3370 979 3432 quorumque
1001 3352 1196 3430 operimento
1219 3351 1374 3414 vestietm

132 3461 197 3522 alia
220 3462 381 3539 materies,
404 3461 575 3540 praecipua
597 3467 670 3522 sunt
685 3459 811 3541 nitrum,
833 3458 1104 3537 terebinthus,
1127 3456 1232 3520 aoeris
1242 3473 1373 3541 genera,

131 3571 281 3632 buxum
311 3577 363 3630 oet
384 3601 426 3613 -
444 3588 506 3623 -o
547 3568 640 3629 nNe'e
661 3566 757 3629 satis:
789 3585 924 3647 eoepere
944 3566 1022 3654 tingi
1041 3565 1220 3628 animalium
1241 3580 1373 3649 eernua,

132 3678 247 3742 dentes
266 3678 384 3757 secari,
408 3676 650 3759 lignumque
670 3678 794 3741 ebore
815 3678 1036 3761 distingui,
1058 3694 1135 3741 mox
1156 3679 1302 3759 operiri«

216 3799 419 3865 GEMMARVM
448 3801 602 3862 luxuriam
633 3821 696 3862 uon
723 3801 827 3864 minus
859 3803 891 3864 in
919 3820 1047 3865 earmen
1078 3821 1171 3867 suum
1197 3802 1371 3883 transtulit,

35 3958 40 3965 .
129 3927 225 3992 quum
250 3911 328 3975 Aen.
348 3910 381 3989 1,
402 3908 478 3974 655:
512 3911 668 3986 duplicem
698 3915 833 3988 qemmo'o
861 3932 1001 3994 auroque
1021 3931 1186 3988 eoronam,
1207 3911 1292 3986 Vll,
1313 3909 1370 3972 75:

126 4036 275 4081 monam
298 4020 455 4094 insignem
473 4023 625 4098 gemmis,
648 4019 679 4094 l,
710 4016 789 4080 728:
815 4039 945 4096 qrooem
962 4024 1095 4096 nammis
1116 4039 1256 4101 auroque
1275 4026 1368 4098 pote·

128 4145 218 4202 rom,
238 4124 364 4191 fibulam
388 4143 459 4188 oum
483 4143 612 4206 gemma
634 4127 685 4207 V,
706 4124 799 4207 ata,
822 4127 983 4189 stellatum
1005 4125 1127 4209 iaspide
1146 4125 1236 4189 fulva
1260 4145 1368 4189 ensem

128 4234 193 4324 tv„
211 4234 294 4310 261„
317 4233 463 4314 poculum
486 4252 504 4293 e
525 4251 654 4314 gemma
670 4232 791 4316 Georg.
806 4236 848 4316 ΙΙ,
871 4235 942 4296 506.
959 4242 1146 4314 (utqemmo
1159 4238 1260 4312 bitot]
1281 4258 1370 4304 eom·

128 4351 296 4405 memoret.
314 4341 436 4404 Plinius
457 4341 499 4402 N.
523 4341 564 4401 il.
585 4342 766 4423 xxxvn,
786 4341 824 4416 6:
847 4350 1027 4426 ”gemmata
1050 4343 1201 4423 potoria«
1221 4344 1274 4409 cf.
1295 4347 1369 4430 Dig.

129 4450 290 4531 xxxtV,
312 4449 418 4530 2,,19.

211 4584 430 4643 'l'ssvnanvu
452 4580 587 4661 denique
607 4583 810 4660 varietatem,
832 4581 974 4644 Homero
989 4582 1194 4664 incognitam,
1215 4583 1369 4663 tempori·

126 4691 188 4753 bus
210 4689 270 4750 illis
292 4688 405 4749 tribuit.
448 4686 527 4748 lnde
558 4688 641 4748 illam
668 4683 932 4772 μεγαλογραφίαν
952 4691 982 4752 in
1006 4690 1163 4771 Capitolio
1191 4689 1368 4776 (lumi.

128 4793 229 4854 nieusi
250 4794 380 4856 Aeneas
400 4796 427 4877 l,
450 4795 533 4857 455:
