3022 5234
573 233 578 240 ’
636 271 691 332 ne
712 231 893 340 foenera.
1318 272 1379 336 ne

134 456 271 521 edisseri
292 477 311 520 a
333 457 437 538 nobis,
460 476 543 538 quae
564 455 636 518 fluis
651 457 804 528 dunestae
823 456 974 532 familiae,
999 456 1085 536 quad
1105 474 1208 538 genus
1228 455 1379 529 sacrificii

135 566 223 628 [aare
243 565 434 626 verbecibns
455 564 525 643 iiat,
562 563 826 645 quemadmodum
855 582 892 624 os
915 572 1081 644 resectum,
1096 572 1179 639 terra
1201 565 1378 647 obtegatur,

134 666 281 753 quaeque
302 672 333 732 in
354 689 451 752 porca
472 678 635 732 contracta
659 673 726 732 iura
748 668 847 732 sint.‘-‘
890 672 1022 733 Paullus
1044 691 1086 733 ex
1108 672 1225 735 Festo:
1256 674 1379 753 „Porci

135 779 262 862 effigies
282 778 362 840 inter
385 777 641 857 militariasigna
663 778 804 855 quintum
827 777 928 838 locum
951 776 1121 851 obtinebat,
1142 779 1216 857 quia
1234 779 1380 840 contecto

135 885 231 966 bello,
253 888 337 951 inter
357 904 438 966 quos
462 904 526 966 pax
547 885 650 965 fieret,
680 902 776 947 caesa
798 901 894 965 porca
915 883 1030 945 foedus
1052 882 1178 947 firmare
1199 881 1378 965 solebant&

135 994 270 1059 Suetdo.
293 993 405 1056 Claud.
426 992 484 1054 25:
516 991 623 1074 „Cum
639 992 772 1076 regibus
793 992 908 1053 foedus
925 995 956 1053 iu
981 993 1049 1053 foro
1080 992 1137 1054 icit
1162 1010 1259 1072 porca
1279 1012 1381 1055 ¹caesa

135 1117 175 1163 aa
197 1108 308 1165 vetere
331 1100 481 1165 fetialium
500 1101 697 1182 praefatione
726 1100 894 1163 adhibita.“
944 1100 1095 1162 Ceterum
1122 1098 1167 1175 de
1198 1120 1295 1179 porco
1328 1105 1381 1165 vet

132 1207 352 1286 pareantum
382 1207 519 1270 indicant
535 1210 629 1269 numi
650 1226 683 1269 v.
705 1226 738 1289 g.
759 1208 865 1290 gentis
888 1208 1047 1283 Antistiae
1068 1225 1142 1269 cum
1163 1207 1380 1289 inscriptione:

136 1311 326 1379 CAESAR.
350 1314 458 1379 AVG.
479 1316 547 1378 ΤΒ.
569 1315 665 1378 Por.
699 1314 786 1376 vni.
807 1313 866 1377 Rs.
911 1315 1079 1378 Vit'rvs.
1114 1315 1308 1381 FOEDVS.
1344 1317 1380 1380 P.

139 1420 178 1485 R.
194 1419 304 1484 CVM.
317 1420 512 1487 (tutinus.
534 1424 712 1485 AN'l'IS'l'.
743 1423 878 1484 liit'lss.
928 1423 1086 1505 (Klausen
1115 1424 1247 1485 Aeneas
1275 1426 1312 1485 Ἰ.
1340 1425 1381 1485 ΙΙ.

135 1530 201 1593 tab.
223 1533 247 1606 1,
272 1532 336 1611 7.),
364 1531 444 1602 adias
464 1530 605 1593 eiusdem
626 1532 732 1612 gentis
751 1531 881 1604 (Witde
901 1531 959 1594 sel.
989 1533 1132 1599 numism.
1160 1541 1225 1592 ant.
1247 1531 1382 1594 Amste·

132 1638 248 1701 lodami
261 1639 348 1707 1792.
357 1658 385 1719 p.
401 1637 571 1716 {mcum
595 1639 939 1719 inscriptiouecapitis:
961 1639 1049 1700 ΙΜΡ.
1063 1639 1191 1701 GAES.
1203 1636 1376 1703 AVGVS.

133 1747 203 1811 uu.
224 1747 322 1813 PO'd.
344 1745 434 1809 Vnt.
455 1746 512 1810 us.
536 1746 699 1807 VETVS.
725 1745 857 1811 110111).
873 1747 920 1807 Ρ.
945 1747 982 1810 ΙΙ.
1005 1746 1115 1808 CVM.
1129 1745 1324 1811 GABtNtS.
1341 1748 1380 1810 G.

135 1855 314 1916 Aurls'l'.
344 1857 380 1916 ln
409 1855 471 1925 hoc
498 1874 592 1917 numo
614 1855 741 1917 fetiales
770 1855 830 1934 ipsi
858 1873 975 1935 porcae
1004 1873 1183 1919 conversae
1208 1857 1307 1937 pedes
1329 1867 1381 1918 te-
1474 1849 1486 1879 ²

133 1972 221 2041 nent,
245 1961 372 2025 flamma
386 1963 416 2023 in
431 1980 485 2023 ara
498 1971 648 2024 coronata
660 1963 842 2043 incente,iu
864 1963 965 2044 priore
987 1962 1119 2026 dextras
1134 1968 1268 2048 iungunt
1281 1984 1379 2045 porca

133 2071 166 2131 in
188 2088 274 2131 aram
298 2068 453 2150 deposita.
485 2070 610 2130 'l'ertius
633 2054 743 2132 exstat
765 2089 879 2143 numus
902 2069 1034 2150 Capuae
1056 2088 1127 2132 cum
1151 2074 1257 2153 capite
1281 2077 1380 2155 lovis,

132 2177 192 2240 Rs.
216 2177 339 2239 duobus
360 2175 583 2239 sacerdotibus
602 2196 732 2261 porcam
756 2177 933 2241 tenentibus
956 2187 989 2249 et
1010 2178 1117 2261 gladio
1139 2181 1200 2241 vel·
1215 2185 1306 2246 silice
1324 2206 1381 2247 ar-

135 2289 230 2351 matis
253 2285 340 2352 Mus.
362 2288 436 2348 Brit.
458 2290 502 2351 N.
523 2289 593 2352 tab.
610 2290 649 2362 u,
674 2290 704 2350 a.
728 2288 803 2366 (ΙΙΙ,
826 2290 856 2351 9.
890 2289 1037 2352 Mionnct
1066 2290 1176 2371 Spppt.
1203 2293 1227 2353 Ι.
1256 2291 1379 2372 puato.

132 2414 163 2456 n.
183 2395 269 2478 249,
287 2394 399 2456 similis
427 2413 500 2457 cum
526 2396 630 2475 capite
658 2397 746 2456 lovis
776 2396 926 2476 inscripto
949 2396 1098 2478 ROMA,
1127 2399 1186 2462 Rs.
1209 2401 1327 2465 eadem·
1345 2413 1378 2466 et
1462 2478 1466 2489 ⁸

131 2502 336 2584 inscriptione
358 2501 445 2565 Osca
465 2505 552 2564 Mus.
575 2504 667 2568 Borb.
690 2506 726 2565 Ἰ.
750 2505 789 2568 ΙΙ.
811 2504 889 2568 rao.
914 2505 960 2565 16.
984 2524 1029 2564 nr.
1054 2505 1101 2569 13.

216 2610 286 2670 Duo
300 2627 377 2670 vero
394 2608 447 2670 hic
459 2617 583 2672 restare
601 2608 755 2684 videntur,
773 2627 865 2690 quae,
883 2620 1031 2692 quantum
1048 2613 1179 2691 scimus,
1201 2615 1241 2678 ad
1256 2625 1379 2678 certum

132 2698 269 2800 aliquem
286 2736 404 2780 morem
417 2716 593 2785 Romanum
603 2718 757 2793 ¹reuocari
770 2727 941 2796 nequeant,
963 2718 1096 2798 primum
1112 2721 1197 2802 quod
1208 2721 1282 2800 ΧΙΙ,
1300 2721 1380 2786 173;

431 2815 433 2818 ’
796 2827 948 2905 Tempora
967 2831 1084 2908 ferro
1175 2861 1177 2866 ·
1258 2861 1262 2868 ι

210 2931 349 2996 Swumo
368 2941 484 2996 notarat
502 2937 666 3015 petridem.
776 2957 779 2967 ·

134 3063 241 3144 Quid?
281 3065 412 3127 Ferrum
441 3065 625 3148 adhibetur,
653 3084 748 3147 quum
777 3064 891 3128 Livius
909 3066 939 3142 Ι,
959 3066 1009 3131 21.
1042 3084 1124 3128 saxo
1143 3067 1234 3129 silico
1256 3069 1380 3147 percuti

133 3190 260 3254 porcam
284 3173 411 3236 disertis
431 3165 541 3235 verbis
568 3174 724 3249 nuntiem*
737 3192 830 3255 quum
854 3175 961 3255 privos
983 3164 1105 3254 lapides
1126 3174 1380 3237 silices'fetiatcs

134 3280 256 3366 XXX,¹
265 3278 313 3344 43.
325 3298 435 3351 secum
447 3280 588 3343 Africam
602 3278 783 3361 deportent.
811 3285 856 3343 At
870 3280 1055 3362 nequeuhoc
1071 3281 1204 3342 Homeri
1216 3292 1276 3366 est,
1297 3284 1379 3366 apud

131 3387 1379 3472 quemiustrumentumaereum,nequeomuiuoheecrcsnimisurgenda‚quum

131 3504 249 3580 postea
266 3516 305 3557 ne
326 3495 477 3556 feriantur
499 3493 841 3575 quidem,sed214.in
864 3494 1021 3557 flammam
1033 3488 1107 3570 (ἐπὶ
1126 3493 1190 3556 τιῖν
1211 3485 1378 3583 ἐμπύρων)

131 3605 317 3686 iugulentur
345 3601 496 3684 pecudes,
525 3620 619 3682 quum
640 3621 703 3665 uon
724 3605 843 3685 capita,
865 3601 924 3664 sed
945 3603 1080 3679 viscera,
1103 3610 1138 3664 ut
1159 3604 1242 3684 apud
1254 3604 1399 3670 Roma-1

131 3730 192 3774 nos
214 3729 284 3775 mos
303 3717 366 3788 est,
386 3708 569 3789 ¹eripiuntur.
613 3710 757 3772 Alterum
776 3697 954 3794 πρόβλημα
968 3710 1101 3790 gravius
1113 3721 1172 3772 est.
1205 3713 1280 3774 Nou
1295 3716 1378 3777 euim

130 3836 260 3902 porcam
288 3835 380 3878 uuam
410 3815 531 3897 salam,
563 3816 622 3877 sed
647 3821 806 3877 intonsam
827 3819 981 3878 bidentem
1008 3816 1158 3880 adiiciunt
1178 3821 1375 3884 sacerdotes.

131 3926 224 3991 'l'alia
245 3923 411 4006 Vergilius
446 3942 508 3985 non
535 3924 734 3999 inconsulto,
770 3944 873 4007 neque
901 3944 964 3989 sua
984 3924 1113 3988 fictione
1136 3927 1262 3990 effutire
1283 3931 1376 3992 solet.

132 4032 218 4114 Quid
238 4050 316 4112 ergo
337 4023 456 4093 averni
497 4029 665 4112 Nusquam
696 4032 794 4092 simile
815 4033 998 4112 exemplum
1020 4034 1153 4114 repperi,
1178 4036 1377 4116 Serviusque

129 4147 247 4204 auctus
269 4138 322 4203 iile
342 4146 393 4218 et,
414 4156 518 4219 auem
540 4149 649 4220 putant
670 4141 729 4202 viri
763 4139 869 4213 docti,
902 4143 1112 4222 interpolatus
1139 4141 1239 4203 verba
1258 4138 1376 4222 thabat:

131 4247 241 4311 „stne
254 4264 348 4309 ovcm
363 4245 490 4310 Graeco
512 4266 599 4310 more
620 4246 742 4309 foederi
764 4247 930 4310 adhibuit«
954 4236 1059 4310 Λύσιν
1074 4249 1172 4311 huius
1183 4252 1378 4330 quaestionis

128 4356 290 4418 acutiores
313 4360 435 4414 eruant.
475 4353 587 4415 Potest
607 4361 703 4433 poeta
724 4357 775 4415 vet
794 4374 836 4416 ex
851 4361 980 4437 antiquo
993 4358 1097 4439 aliquo
1112 4357 1190 4417 libro
1203 4355 1375 4436 pontificali

128 4462 352 4527 caerimoniam
380 4461 475 4525 talem
506 4477 620 4542 nosse,
655 4461 708 4522 vet
740 4460 820 4537 duos
850 4462 1085 4526 diversissimos
1107 4464 1242 4543 populos
1264 4473 1375 4529 notare

130 4571 282 4646 votuisse,
302 4569 436 4631 alterum
459 4568 550 4631 euius
564 4587 663 4649 porca
675 4570 778 4642 (alba)
793 4570 919 4653 siguum
940 4571 993 4651 ait,
1016 4571 1221 4633 Troianorum
1243 4575 1375 4638 alterum

128 4684 180 4748 oui
201 4683 272 4744 ovis
293 4682 336 4744 sit
356 4679 526 4763 destinata,
550 4680 602 4742 vei
624 4680 737 4744 foedus
758 4686 802 4746 ita
822 4693 986 4765 patrasse,
1016 4693 1049 4746 ut
1069 4680 1219 4744 iniectum
1229 4725 1240 4763 ,
1261 4681 1374 4759 idest,

127 4810 190 4854 non
218 4793 278 4854 rite
304 4789 480 4872 perfectum
513 4789 619 4851 talium
647 4807 751 4852 rerum
783 4807 884 4871 gnaro
917 4790 1023 4851 visum
1051 4789 1103 4851 sit.
1146 4789 1252 4852 [ratini
1278 4792 1384 4887 etiam¹
