3022 5234
201 234 261 298 tta
632 237 692 303 De
723 245 815 300 arte
836 236 1001 319 magica

282 415 436 495 Coniurat
457 420 590 497 auten,
608 422 690 479 rru'rc
712 421 798 500 quud
815 419 936 481 nonme
954 419 1086 502 enimn,

289 529 465 590 Velleribus
486 533 586 590 nr'veie
613 535 647 590 et
663 533 782 612 ferta
799 532 949 611 fronde
968 534 1150 594 rwrirctren.

195 637 246 698 De
267 635 404 698 Veneris
425 639 543 718 templo
564 635 636 699 Cat
658 636 719 713 vt,
739 638 776 700 6:

278 744 404 806 Ornata
426 751 458 804 et
474 745 567 822 puris
589 750 675 806 certe
691 748 798 825 [eram
818 744 972 806 munr'lue.

194 848 314 912 Veneri
338 852 417 910 Aen.
440 851 464 925 1,
489 848 569 913 417:

280 959 364 1021 Ture
385 958 492 1019 calent
509 979 587 1020 crue
603 963 805 1040 certisque
825 961 1002 1021 recentibus
1021 960 1144 1020 halant.

195 1070 230 1130 ln
251 1069 339 1130 lovis
362 1064 487 1143 templis
510 1083 530 1127 a
551 1063 644 1126 larba
665 1061 799 1126 conditis
822 1064 881 1146 tv,
901 1064 984 1130 2022

275 1179 401 1255 Pinque
421 1175 523 1236 culum
544 1181 577 1235 et
594 1178 693 1235 uariis
708 1177 857 1253 florentin
878 1175 990 1237 limine
1012 1179 1147 1237 rertie.

193 1284 246 1347 Ad
267 1285 361 1347 alium
383 1285 480 1345 etiam
504 1283 590 1344 vitae
611 1289 754 1344 ornatum
774 1280 1002 1344 adhibebantur
1023 1291 1128 1364 serta,
1161 1282 1245 1367 quod
1266 1293 1300 1349 at
1319 1294 1436 1368 pueta-

194 1412 265 1457 rum
286 1392 347 1455 loci
369 1391 515 1473 permulti
539 1398 573 1455 et
599 1390 679 1455 uti·
697 1400 899 1457 monumenta
917 1394 1061 1476 probant.
1150 1467 1155 1478 Ι

272 1929 359 1989 luter
388 1924 486 1991 multa
509 1927 581 2011 illa,
615 1926 728 2011 quibus
755 1928 795 1993 ab
823 1928 963 1991 Homero
984 1878 1079 2010 arreti
1100 1926 1265 1995 nummu·
1286 1932 1431 2005 recessit,

192 2034 298 2118 magia
319 2053 443 2116 quoque
463 2043 516 2097 est
534 2030 739 2121 numeranda,
761 2035 876 2117 quippe
898 2053 979 2117 quae
998 2032 1085 2115 apud
1105 2034 1188 2097 ilium
1210 2053 1324 2098 revera
1348 2054 1430 2097 uon-

191 2141 265 2204 dum
287 2144 330 2204 sit
351 2144 488 2205 exculta.
531 2137 656 2205 Nereia
676 2144 770 2224 euim,
792 2141 909 2226 idest,
937 2144 1074 2213 mnuium
1096 2164 1139 2207 ex
1152 2144 1265 2207 interis
1280 2145 1429 2207 evocatio

188 2255 256 2311 toto
278 2251 365 2311 caeto
387 2249 494 2311 distat.
535 2250 697 2332 Vergilius
719 2251 788 2332 ipse
811 2249 874 2314 Cir.
897 2249 968 2315 374.
990 2251 1073 2315 haec
1093 2259 1191 2315 vocet

271 2360 375 2422 Sacra
396 2379 455 2421 nec
476 2360 593 2423 Aeaeis
614 2364 742 2423 eruitur
763 2381 821 2423 nec
836 2367 969 2439 coqnnu
995 2362 1115 2425 Grniir.

188 2466 335 2530 italorum
364 2489 444 2530 vero
472 2469 707 2535 incantamenta
722 2479 885 2554 'artaeque
906 2471 1033 2532 carmini
1054 2488 1113 2532 suo
1132 2472 1263 2551 saepius
1283 2470 1429 2533 intexuit.

189 2579 275 2642 Inter
296 2582 417 2661 varice,
439 2583 490 2663 qui
511 2582 552 2644 ad
574 2583 690 2644 bellum
713 2582 844 2656 cientur,
864 2582 940 2662 Vll,
960 2581 1038 2644 ⁷502

270 2712 356 2789 ortu
375 2722 408 2776 et
424 2715 594 2777 Marruuia
613 2719 699 2776 venit
715 2717 754 2776 de
772 2721 867 2792 yente
887 2716 1037 2775 saeorum
1058 2747 1100 2759 -
1120 2746 1162 2759 -

273 2822 405 2899 Viperec
424 2828 538 2900 ceneri
557 2830 590 2883 et
605 2826 747 2900 graviter
768 2824 964 2902 spirantibus
986 2823 1101 2898 nydrt‘e

267 2928 429 3007 Spurqere
449 2934 505 3008 qui
523 2950 659 2990 summor
682 2937 840 3009 cantuque
860 2949 1019 3010 naeniaque
1039 2930 1168 3006 contet,

269 3035 495 3115 Mulcelutque
516 3041 583 3098 irae
603 3045 635 3098 et
654 3056 780 3099 morene
802 3043 870 3098 arte
891 3038 1020 3098 terebat.

186 3169 300 3250 Eulog.
322 3169 412 3249 vm,
434 3167 493 3230 71:

270 3301 424 3379 Friffiduc
445 3305 480 3361 in
498 3306 604 3380 pratis
626 3302 786 3361 cantando
808 3303 966 3377 rumpitur
988 3305 1112 3376 anquira

183 3431 263 3494 Plin.
288 3435 331 3495 N.
358 3436 398 3496 H.
431 3436 514 3512 Vll,
548 3435 587 3498 ⁶2:
627 3436 760 3497 „Simile
781 3445 813 3498 et
835 3435 864 3496 in
887 3434 976 3497 ltalia
998 3436 1179 3496 Marsorum
1200 3452 1305 3516 genus
1329 3433 1430 3510 durat,

59 3569 64 3579 ·
183 3559 264 3621 quos
285 3561 304 3602 a
327 3541 441 3604 Circae
462 3542 525 3604 iilic
548 3552 634 3604 ortos
656 3553 798 3622 servant,
822 3552 854 3605 et
874 3543 946 3605 ideo
971 3543 1077 3605 inesse
1100 3543 1137 3603 iis
1161 3543 1225 3604 vim
1249 3545 1427 3608 naturalem

183 3667 264 3711 eam.
286 3650 328 3711 Et
344 3658 450 3711 tamen
466 3650 609 3711 omnibus
633 3650 810 3713 huminibus
832 3661 941 3714 contra
952 3661 1116 3733 serpentes
1128 3653 1210 3713 inest
1231 3653 1426 3714 venenum.“

186 3757 405 3818 Memorantur
427 3777 446 3818 a
469 3758 613 3843 Vergilio
635 3761 708 3833 Vll,
732 3759 811 3821 757:

1022 3867 1145 3929 Curatur

284 3974 460 4055 somniferi
479 3982 511 4035 et
530 3975 654 4036 Marcie
676 3980 837 4055 quaeritne
858 3977 1015 4035 montibus
1035 3975 1158 4035 lterbne.

182 4103 283 4166 Simili
305 4114 374 4166 arte
395 4106 510 4167 femine
531 4105 604 4167 illae
626 4108 698 4167 aevi
722 4106 882 4185 Augustei
905 4105 1083 4169 celebratae
1106 4111 1197 4178 sunit,
1226 4121 1308 4183 quae
1332 4121 1429 4183 quum

180 4215 352 4275 universae
383 4221 513 4275 uuturae
535 4214 625 4297 leges
648 4222 852 4289 convertere,
875 4221 942 4274 tum
965 4213 1100 4274 animum
1125 4212 1293 4272 humanum
1314 4211 1432 4272 incan-

178 4319 348 4382 tationibus
371 4341 485 4406 regere
507 4341 604 4403 posse
626 4323 817 4385 dicebantur.
856 4321 966 4384 'l'alem
988 4338 1024 4381 se
1046 4319 1130 4382 Dido
1145 4319 1272 4381 simulet
1288 4320 1431 4401 aliquam

178 4445 254 4488 ease
275 4433 447 4492 acciturum
475 4431 535 4513 IV,
557 4431 635 4494 487:

260 4560 351 4622 Haec
373 4584 409 4623 ee
431 4567 624 4624 carminibus
642 4567 800 4643 promittit
819 4565 941 4625 reluere
962 4571 1092 4637 menter,

260 4663 354 4742 'Onne
377 4670 463 4751 velit,
487 4676 540 4730 net
559 4670 632 4731 aliie
655 4672 754 4732 durae
776 4675 932 4733 inmittere
954 4692 1062 4742 curae,

261 4773 385 4838 Stetere
407 4796 521 4857 uquam
538 4772 648 4857 stuciis
671 4784 840 4840 etcertere
860 4781 967 4840 ridere
988 4786 1082 4841 retro.
