3022 5234
571 225 576 232 ¹
634 263 689 323 De
709 224 890 334 foedere.
1315 263 1376 328 tta

133 450 268 513 edisseri
291 469 310 512 a
332 450 435 531 nobis,
458 468 541 531 qnae
562 448 634 510 finis
649 450 802 519 funestae
817 448 972 524 familiae,
996 447 1082 529 qnod
1103 466 1206 530 genus
1225 447 1377 520 sacrificii

134 559 220 621 bare
241 558 432 619 verbccibns
452 557 523 635 flat,
560 555 824 638 quemadmodum
853 574 890 617 os
914 564 1079 637 resectum.
1093 564 1176 630 terra
1199 557 1376 638 obtegatur,

133 659 279 746 quaeque
300 665 331 725 in
352 683 449 744 poroa
471 671 634 725 contracta
657 667 724 724 iura
746 659 844 725 sintf‘
889 665 1019 726 Paullus
1042 683 1084 725 ex
1106 665 1223 727 Festo:
1254 667 1377 745 „Porci

133 772 260 855 effigias
280 772 360 832 iuter
383 771 525 833 militaria
547 770 640 850 signa
661 771 802 848 quintum
826 770 926 831 iocum
950 767 1119 844 obtinebat,
1140 771 1214 850 quia
1232 770 1377 831 coniecto

134 879 230 959 bello,
251 882 334 961 inter
355 897 436 958 quos
460 897 524 960 pax
545 879 647 958 fieret,
678 895 774 939 caesa
796 893 892 957 porca
913 874 1028 937 foedus
1050 874 1176 939 firmare
1196 873 1376 957 sotebant&

133 987 268 1049 Sueton.
291 985 403 1049 Ciaud.
425 985 483 1047 25:
515 984 621 1068 „Cum
638 985 770 1068 regibus
791 984 906 1046 foedus
923 987 954 1045 in
978 985 1047 1045 foro
1078 985 1135 1045 icit
1160 1003 1257 1064 porca
1283 1004 1379 1048 caesa

133 1111 174 1156 ac
195 1101 307 1158 vetere
329 1093 479 1158 fetiaiiunr
499 1094 696 1176 praefatione
724 1093 892 1155 notitiem
942 1091 1093 1155 Ceterum
1121 1090 1165 1165 de
1190 1111 1293 1172 porco
1326 1096 1378 1156 vei

130 1201 350 1280 porcarium
381 1200 627 1263 indicauerunt
649 1220 682 1261 v.
703 1218 735 1282 g.
756 1200 863 1283 gentis
886 1198 1044 1277 Antistiae
1066 1217 1140 1262 curn
1161 1199 1378 1281 inscriptione:

134 1306 324 1373 CAESAR.
346 1307 453 1372 AVG.
477 1308 545 1370 uit.
567 1307 663 1370 Por.
692 1306 864 1369 vualis.
909 1307 1073 1370 vmrvs.
1112 1306 1305 1373 FOEDVS.
1340 1309 1378 1372 P.

137 1414 176 1479 R.
192 1414 302 1478 CVM.
315 1413 510 1479 Gustu-ts.
533 1417 710 1478 AN’rtsu.
742 1415 876 1477 iuviti.
926 1414 1084 1496 (Klausen
1113 1416 1245 1477 Aeneas
1273 1417 1310 1476 Τ.
1339 1417 1379 1476 ΙΙ.

134 1523 199 1586 tab.
221 1525 245 1599 1,
270 1524 334 1604 7.),
362 1524 443 1595 aiios
462 1523 603 1586 eiusdem
624 1524 730 1604 gentis
750 1524 879 1597 (Wiide
899 1523 967 1586 sci..
987 1524 1130 1584 numism.
1159 1531 1223 1584 ant.
1245 1525 1380 1586 Amste-

131 1631 246 1695 lodami
259 1632 346 1699 twa.
355 1653 383 1713 p.
398 1630 568 1709 {timeum
593 1631 937 1711 inscriptione-capitis:
959 1631 1047 1692 [ΜΡ.
1062 1630 1189 1693 CAES.
1200 1628 1373 1695 Avuvs.

131 1741 201 1802 uit.
222 1739 320 1807 ΡΟΤ.
343 1739 432 1801 vlu.
453 1738 510 1803 Rs.
534 1739 698 1799 VETVS.
723 1737 855 1803 FOED.
882 1740 918 1799 P.
943 1739 981 1803 R.
1004 1738 1113 1802 CVM.
1128 1737 1323 1802 Goutnts.
1339 1740 1378 1803 C.

134 1848 312 1910 Avulsa.
342 1850 378 1909 In
407 1847 469 1921 hoc
497 1866 591 1909 numo
611 1847 739 1910 fetiales
769 1847 828 1927 ipsi
856 1865 974 1927 porcae
1003 1863 1182 1909 conversae
1207 1849 1305 1930 pedes
1327 1858 1379 1911 te·
1472 1842 1485 1871 ²

131 1965 219 2034 nent,
243 1954 369 2017 flamma
384 1956 415 2016 in
429 1970 484 2018 ara
496 1964 647 2016 coronata
658 1955 839 2035 lucento‚in
862 1955 964 2035 priore
985 1953 1117 2019 dextras
1132 1959 1267 2041 iungunt
1279 1976 1377 2038 porea

132 2064 164 2124 in
187 2081 273 2125 aram
297 2062 451 2143 deposita.
483 2063 609 2122 'l'ertius
632 2069 742 2124 exstat
764 2081 877 2135 numus
900 2061 1032 2142 Capuae
1055 2081 1126 2125 cum
1150 2065 1256 2145 capite
1280 2069 1378 2148 Iovis,

130 2169 190 2233 lts.
214 2170 337 2232 duobus
357 2167 583 2232 sacerdotibus
601 2187 730 2250 porcam
754 2169 932 2234 tenentibus
954 2179 987 2239 et
1007 2169 1115 2252 gladio
1138 2173 1198 2233 vei·
1213 2177 1304 2238 silice
1323 2198 1379 2239 ar-

133 2282 229 2345 matis
251 2278 338 2345 Mus.
359 2281 434 2342 Brit.
457 2282 501 2343 N.
522 2281 592 2346 tab..
609 2281 648 2354 ii,
672 2282 703 2342 a.
726 2279 801 2359 (ur,
825 2281 854 2343 9.
889 2281 1036 2343 Mionnet
1065 2281 1174 2363 Spppi.
1202 2285 1226 2345 1.
1255 2282 1377 2364 p..‚235.

132 2407 162 2449 u.
182 2388 267 2470 249„
286 2388 397 2450 similis
425 2405 498 2449 cum
525 2388 629 2467 eapite
656 2388 744 2449 Iovis
774 2387 925 2468 inscripto
947 2388 1096 2470 ROMA,
1126 2390 1185 2454 Rs.
1207 2392 1325 2457 eadem
1343 2404 1376 2456 et

130 2495 334 2576 inscriptione
356 2495 444 2558 Osca
464 2497 551 2557 Mus.
574 2496 666 2559 Borb.
689 2497 725 2556 Τ.
748 2496 787 2560 ΙΙ.
810 2496 888 2561 rao.
912 2497 959 2557 tn.
983 2516 1028 2557 nr.
1053 2497 1100 2562 13.
1460 2468 1464 2483 Ι

214 2603 284 2664 Duo
298 2620 376 2663 vcro
392 2601 446 2664 hic
457 2610 581 2664 restare
600 2600 753 2676 videntur,
772 2619 864 2681 qnae,
882 2613 1030 2684 qnantum
1047 2605 1178 2683 scimus,
1198 2608 1239 2670 ad
1255 2618 1377 2670 certum

132 2696 267 2793 aliquem
283 2729 402 2773 morem
415 2708 591 2778 Remmium
602 2710 756 2775 revocari
769 2718 940 2788 nequeant,
961 2710 1094 2790 primum
1111 2712 1196 2794 quod
1208 2715 1281 2793 XII,
1298 2712 1378 2777 173:

430 2808 432 2811 ’
795 2819 947 2898 Tempora
966 2823 1082 2900 ferro
1173 2852 1176 2859 ⁴

209 2925 348 2988 Swnma
367 2934 483 2988 notant
501 2930 666 3006 pecudum.
775 2950 778 2957 ·

133 3055 240 3136 Quid?
279 3058 411 3120 Ferrum
441 3058 624 3140 adhibetur,
652 3078 747 3141 quum
775 3057 892 3119 Livius·
907 3059 938 3134 1,
958 3057 1008 3124 at.
1041 3075 1123 3120 saxo
1142 3058 1232 3121 silice
1254 3061 1378 3140 percuti

132 3183 258 3247 porcam
283 3166 410 3228 disertis
430 3158 539 3226 verbis
567 3167 830 3247 nuntiet‚*qnnm
852 3167 960 3248 privos
982 3156 1104 3248 lapides
1125 3166 1234 3227 silices
1253 3167 1379 3229 fetiales

132 3271 312 3359 xxm.
324 3291 434 3344 seeum
445 3273 587 3335 Africam
602 3272 778 3353 deportent.
810 3277 854 3335 At
869 3273 1054 3355 neque-hoc
1070 3274 1203 3335 Homeri
1215 3286 1275 3358 est,
1296 3276 1378 3358 apud

130 3380 1377 3465 quem-instrumentumaereum‚nequeomuinohaecrasnimisurgenda‚quuur

131 3497 248 3573 postea
264 3510 304 3551 ne
324 3488 477 3550 feriantur
498 3485 635 3567 quidam,
652 3486 711 3548 sed
722 3488 793 3549 214.
810 3488 840 3551 in
863 3487 1020 3550 flammam
1032 3481 1107 3564 (ἐπὶ
1125 3486 1189 3550 τῶν
1210 3478 1377 3576 ἐμπόρων)

130 3599 317 3680 iugulentur
343 3594 495 3678 pecudes,
524 3613 619 3676 quum
640 3614 702 3657 non
724 3597 843 3677 capita,
865 3594 923 3656 sed
944 3597 1080 3672 viscera,
1102 3605 1137 3659 nt
1158 3598 1242 3678 apnd
1256 3599 1398 3662 Roma--

130 3723 191 3767 nos
213 3723 282 3767 mos
302 3711 365 3783 est,
385 3702 569 3782 eripiantur.
612 3703 755 3764 Alterum
776 3689 953 3786 πρόβλημα
968 3705 1100 3784 gravius
1112 3715 1171 3765 est.
1205 3707 1236 3767 N
1241 3726 1280 3768 on
1294 3709 1377 3768 errim

129 3829 259 3895 porcam
287 3827 379 3872 unam
409 3809 530 3891 solam,
562 3807 621 3870 sed
647 3815 805 3869 intonsam
827 3812 980 3870 bidentem
1008 3808 1157 3872 adiiciunt
1177 3814 1374 3876 sacerdotes.

131 3920 223 3985 'l'alia
244 3917 410 4001 Vergilius
446 3936 507 3978 non
533 3916 733 3991 inconsulto,
769 3936 872 4000 neque
901 3936 963 3980 sua
984 3917 1112 3979 fictione
1135 3920 1261 3983 effutire
1283 3924 1375 3984 solet.

131 4025 216 4107 Quid
237 4044 316 4106 ergo
336 4017 455 4087 ovem?
496 4023 665 4104 Nusquam
695 4023 794 4085 simile
815 4026 997 4105 exemptum
1019 4025 1153 4106 repperi,
1177 4027 1376 4109 Serviusque

129 4142 246 4198 auctus
267 4132 321 4197 ille
342 4139 392 4211 et,
413 4151 518 4212 quem
539 4141 648 4214 putant
669 4133 728 4194 viri
763 4132 868 4205 docti.
902 4135 1111 4214 interpolatus
1138 4132 1238 4194 verba
1257 4130 1376 4214 {habete

130 4241 240 4305 „Sane
253 4259 348 4304 ovem
362 4239 489 4304 Graeco
511 4259 599 4303 mora
619 4240 742 4302 foederi
764 4241 930 4303 adiuuit«
953 4227 1059 4303 Λύσιν
1073 4241 1171 4302 huius
1183 4245 1377 4321 quaestionis

127 4349 288 4412 acutiores
312 4353 435 4408 eruant.
474 4346 585 4409 Potest
607 4355 703 4427 poeta
724 4350 775 4408 vet
794 4367 836 4410 ex
850 4353 980 4429 antiqno
993 4349 1097 4430 atiquo
1111 4349 1190 4409 titrro
1202 4348 1374 4428 pontiiicaii

128 4455 350 4520 caerimoniam
379 4455 474 4519 talem
504 4471 620 4536 nosse,
654 4454 707 4515 vel
739 4454 820 4533 duos
850 4455 1085 4518 diversissimos
1107 4456 1242 4536 populos
1264 4466 1375 4521 notare

129 4565 281 4640 voluisse,
301 4563 435 4625 alterum
458 4562 549 4625 cuius
564 4580 662 4641 porca
674 4563 778 4636 (alba)
793 4564 919 4645 signum
940 4563 993 4644 sit,
1016 4564 1221 4625 Troianorum
1243 4567 1374 4629 aiterum

127 4677 180 4741 cui
200 4677 272 4739 ovis
292 4675 336 4738 sit
356 4673 526 4757 destinata,
549 4674 603 4735 vet
624 4674 736 4737 foedus
757 4680 802 4738 ita
822 4686 986 4758 patrasse,
1016 4685 1049 4736 nt
1069 4674 1219 4737 infectum
1229 4718 1240 4756 ,
1262 4673 1373 4751 idest,

127 4804 189 4848 nou
217 4788 277 4849 rita
303 4783 479 4866 perfectum
512 4783 620 4844 tatium
648 4800 750 4844 rerum
783 4800 884 4864 gnaro
917 4783 1023 4844 rmum
1051 4783 1102 4844 sit.
1146 4782 1251 4844 Latini
1278 4784 1383 4880 etiam*
