3022 5234
376 224 381 245 ι
451 249 508 309 De
528 259 620 323 ¹arte
650 252 816 330 magica.
1266 247 1325 307 tao

78 432 184 508 venio,
213 441 245 494 et
267 433 298 493 in
320 431 450 493 Sabinis
473 450 514 492 ex
537 450 612 493 aere
633 432 766 509 cultros,
798 430 912 511 quibus
934 428 1122 491 sacerdotes
1153 427 1323 490 tonderen-

78 548 157 601 tur«
200 539 364 600 Maronem
386 539 461 600 tolia
483 557 527 599 ex
554 537 644 599 italia
667 536 787 598 habere
807 535 920 599 malim.
963 533 1055 612 Quod
1083 533 1200 599 herbae
1220 536 1326 618 pube·

78 658 185 730 sount,
207 651 247 712 ad
266 653 388 713 hunam
408 658 607 731 quaeruntur,
630 648 660 710 id
676 667 799 730 quoquo
815 646 989 709 rationibus
1000 647 1135 729 magieis
1149 666 1213 709 nou
1225 658 1325 710 caret.

81 760 129 822 tv
160 760 238 824 515:

131 807 139 836 '
163 843 336 917 Quaeritur
357 849 388 902 et
407 847 570 902 noscentis
591 847 665 921 equi
685 845 724 902 de
740 844 849 922 fronte
870 833 1014 900 revolsus

162 953 209 1012 ut
229 956 325 1011 matri
341 957 531 1028 praereptus
552 970 648 1010 emor.

80 1056 312 1138 comparandus
335 1075 404 1144 cum
428 1055 548 1137 Georg.
572 1057 629 1135 ΙΙΙ,
652 1057 730 1119 280:

165 1167 227 1226 Hic
248 1172 383 1247 demum,
406 1171 612 1246 hippomanes
632 1189 704 1228 oero
726 1168 812 1247 quod
828 1172 953 1227 nomine
974 1167 1086 1226 dicunt

80 1310 84 1319 »
165 1276 325 1348 Puetores,
351 1277 471 1355 leuium
492 1276 633 1336 destillet
653 1277 690 1335 ub
710 1279 777 1351 irrpr
789 1279 841 1335 ine
862 1278 968 1352 cirus,

166 1384 394 1465 Hippomanes,
417 1385 501 1465 pund
521 1404 616 1461 saepe
637 1385 741 1444 maine
763 1384 867 1461 lepere
888 1402 1054 1464 nouercae,

166 1490 432 1571 Miscueruntque
454 1492 569 1551 Ilerdae
589 1499 622 1551 et
641 1509 705 1550 nou
726 1497 860 1551 irmouriu
881 1493 984 1551 uerbo.

84 1597 222 1660 Servius
245 1596 287 1658 ad
308 1598 389 1658 Aen.
411 1597 472 1680 lV,
496 1597 576 1660 515:
608 1598 811 1661 „Secundum
836 1596 978 1678 Plinium,
1009 1603 1061 1682 qui
1083 1599 1158 1662 dicit
1179 1601 1210 1662 in
1232 1610 1327 1663 uatu-

85 1705 141 1767 rali
156 1705 297 1774 historia,
321 1704 422 1785 pullos
440 1706 572 1787 equinos
589 1704 709 1767 habere
724 1709 755 1767 in
772 1706 875 1767 fronte
895 1707 1051 1788 quandam
1073 1727 1211 1784 curnem,
1234 1727 1327 1792 quam
1413 1712 1419 1725 ‘

85 1813 133 1874 eis
154 1815 261 1874 statim
283 1813 366 1887 natis
388 1811 495 1874 adimit
516 1820 626 1888 mater,
650 1814 794 1894 quamsi
816 1815 886 1895 quis
908 1814 990 1877 forte
1012 1817 1231 1898 praeripuerit,
1263 1796 1329 1879 odit

84 1920 203 2001 pullum
226 1930 259 1982 et
280 1922 331 1985 loc
352 1924 382 1983 ei
403 1924 570 2006 denegatur
614 1925 694 1986 Plin.
717 1926 759 1985 N.
779 1924 821 1986 Η.
844 1926 937 2004 vlit,
967 1924 1024 1988 663
1055 1927 1117 1986 „Et
1138 1943 1216 1986 sane
1236 1927 1327 2005 equis

86 2032 201 2093 amoris
223 2033 343 2093 innasci
365 2029 567 2113 veneficium,
589 2031 796 2112 hippomanes
812 2033 1017 2114 appeliatum,
1037 2033 1069 2094 in
1086 2033 1189 2094 fronte
1202 2036 1330 2095 caricae

85 2137 318 2222 magnitudine,
348 2139 455 2201 colore
475 2144 587 2223 nigro,
616 2139 702 2220 quod
723 2143 831 2201 statim
853 2139 938 2202 edito
959 2150 1052 2222 partu
1074 2140 1208 2203 devorat
1229 2142 1329 2221 foeta,

85 2258 141 2312 aut
168 2259 290 2332 partum
318 2251 359 2313 ad
388 2246 486 2312 ubero
512 2271 574 2312 non
606 2250 749 2314 admittit.
804 2253 843 2314 Si
872 2251 942 2332 quin
969 2261 1169 2332 praereptum
1198 2250 1328 2332 habeat,

87 2358 207 2422 olfactu
228 2359 258 2420 in
280 2359 399 2422 rabiem
420 2360 454 2422 id
474 2377 579 2439 genus
600 2360 734 2442 agnum
784 2358 837 2420 Ad
857 2378 995 2421 amorem
1016 2362 1162 2423 Aeneam
1182 2361 1244 2422 hoc
1264 2380 1329 2422 ve-

16 2536 42 2549 ‚‚
87 2467 203 2530 nebcio
224 2466 415 2551 adigendum
437 2467 552 2546 inisse,
571 2466 654 2527 Dido
675 2466 798 2530 scilieet
819 2467 966 2545 rebatur;
987 2466 1061 2527 nihii
1083 2468 1165 2527 enim
1187 2465 1273 2528 aliud
1294 2468 1327 2528 in

86 2575 213 2658 Eologa
233 2576 324 2638 Vlil.
344 2583 456 2637 nostro
476 2577 547 2637 loco
568 2575 727 2636 simillima
748 2582 855 2637 exstat
878 2573 959 2654 quod
982 2575 1116 2637 oooierri
1134 2574 1246 2656 possit,
1267 2574 1329 2635 nisi

40 2720 43 2725 -
86 2685 280 2763 comparatio
300 2684 358 2749 85:

174 2794 260 2855 Telis
281 2814 370 2877 umor
391 2796 573 2873 Daphnim,
596 2794 718 2875 paulis,
742 2812 813 2855 cum
831 2795 923 2873 fesso
944 2796 1112 2855 iuvencum

168 2904 236 2963 Per
256 2921 385 2964 nemore
407 2903 508 2984 adque
531 2904 613 2963 altos
637 2902 816 2982 quaerendo
837 2901 953 2962 bucula
975 2902 1065 2963 lucos

169 3012 306 3087 Propter
333 3032 436 3092 upuue
455 3017 554 3073 rioom
573 3012 668 3073 uiridi
685 3013 863 3089 procumbit
883 3013 920 3071 io
939 3011 1025 3091 uiro,

170 3121 312 3200 Perdita,
334 3139 393 3180 nec
413 3140 505 3184 serae
525 3125 667 3181 meminit
687 3120 837 3180 decedere
856 3123 950 3194 nocti,

177 3226 262 3287 Tulin
283 3246 371 3287 umor
391 3233 505 3307 teneat,
528 3245 585 3287 nec
604 3231 650 3287 eit
668 3227 747 3288 milti
768 3245 848 3286 euro
868 3229 993 3288 mederi.

88 3333 208 3394 Nutrix
232 3333 296 3396 Cir.
315 3333 394 3398 3753

171 3444 295 3523 Perpii,
317 3441 489 3518 Amyclaeo
510 3457 668 3518 oporpene
690 3439 806 3498 ultorio
826 3437 934 3513 idolio,

172 3554 271 3630 Repia
293 3552 443 3613 Iolciacis
463 3555 602 3611 animum
625 3552 759 3629 desipere
780 3554 871 3612 cuba.

88 3661 237 3742 Denique
258 3660 339 3722 Dido
363 3656 422 3743 tv,
446 3658 524 3723 517:

171 3772 251 3846 Ipso
272 3770 355 3830 niolo
375 3771 582 3846 manibusque
600 3771 664 3845 piis
686 3765 802 3828 ultorio
820 3765 924 3840 idcio,

175 3880 283 3943 Unum
304 3887 404 3940 eeuta
421 3883 533 3957 pedem
554 3879 677 3954 vinciis,
702 3882 738 3938 in
758 3884 844 3939 reete
864 3878 1016 3957 recincta,

177 3992 323 4051 Testatur
343 3993 497 4051 morituro
522 3989 605 4049 deos.

90 4111 185 4191 Quod
221 4116 336 4176 molam
358 4116 396 4176 in
425 4116 583 4178 flammam
612 4114 751 4198 spargit,
792 4132 856 4177 non
882 4112 953 4175 sino
974 4131 1072 4175 eausa
1095 4108 1216 4173 iactum
1246 4123 1323 4168 esse

88 4225 259 4306 ignemque
280 4223 396 4284 amoris
419 4205 554 4284 subesse
576 4221 795 4303 augurandum
819 4225 879 4284 erit
901 4241 943 4282 ex
966 4222 1078 4300 Eulogo
1101 4219 1191 4292 Vtri,
1210 4214 1253 4278 82
1261 4233 1269 4278 3

172 4331 298 4409 Spurpe
319 4331 433 4392 molum
454 4339 487 4392 ei
502 4333 633 4409 fropilia
654 4334 788 4393 incende
808 4334 958 4392 bitumine
980 4331 1102 4390 laurus.

172 4439 323 4516 Dopbrrie
343 4457 393 4498 me
413 4440 612 4515 maturarit,
635 4458 692 4515 epo
713 4438 797 4497 bunc
816 4441 850 4497 in
872 4436 1043 4513 Daphnide
1063 4433 1200 4494 laurum.

88 4570 205 4632 Mirum
226 4578 333 4631 tamen
357 4568 440 4651 quod
464 4590 557 4634 unum
579 4579 700 4634 tontum
722 4568 836 4651 pedem
859 4575 953 4629 vasto
980 4566 1117 4640 exuerit,
1147 4577 1240 4644 quum
1263 4554 1344 4627 Ca·-¹

89 4677 178 4739 nidia
198 4677 311 4742 Horat.
335 4680 404 4742 Sat.
418 4681 450 4757 Ι,
473 4679 503 4754 8,
527 4680 577 4741 et.
597 4678 733 4762 pedibus
753 4679 845 4741 nudis
869 4677 1021 4740 ambobus
1043 4676 1151 4736 ululet⁴
1183 4675 1332 4737 Servium

90 4806 202 4849 verum
232 4788 354 4850 vidisse
379 4787 527 4850 arbitror:
557 4787 662 4866 „Quia
683 4787 715 4849 id
737 4788 858 4870 agitur,
890 4795 925 4847 ut
954 4793 986 4844 et
1015 4783 1079 4843 ista
1107 4782 1270 4863 soluatur,
1300 4788 1336 4842 et

589 4896 595 4906 ⁶
1046 4893 1125 4957 13*
