3022 5234
621 230 675 291 lle
697 228 882 291 navibus.
1315 219 1374 293 tat

127 413 225 494 probe
247 409 573 495 animadvertendum,
593 410 679 493 quod
701 410 789 474 Idam
822 416 840 473 l.
862 431 889 476 e.
918 410 1088 494 imaginem
1111 409 1220 472 matris
1253 411 1370 477 ldaeae
1419 394 1422 399 ’

129 518 205 592 (cui
227 520 273 600 X,
293 517 537 600 stultumque
564 522 608 580 od
627 522 725 598 frenc
746 520 876 592 moues]
904 519 1215 598 superimminentem
1247 521 1371 582 Aeneia

128 626 273 707 puppis
307 633 408 702 tenet,
446 622 498 684 ubi
528 624 657 686 Aeneas
684 644 745 686 uua
767 644 836 687 curu
859 620 1002 687 Pallante
1024 626 1138 706 navis,
1172 635 1205 687 ut
1233 629 1372 710 videtur,

127 744 251 799 recture
272 731 374 795 sedet
418 731 553 805 Abantis
577 750 703 813 quoque
727 732 770 805 X,
795 731 867 794 171:

424 838 550 903 Aaron
567 839 714 920 sulpebcl
734 839 1058 918 Apolliuepuppis.

128 946 147 1013 i.
170 967 197 1008 e.
219 947 319 1009 tutela
340 948 444 1025 navis,
469 947 625 1028 Apollinis
653 948 759 1027 imago
793 945 968 1027 deaurata,
998 948 1027 1009 iu
1049 948 1143 1029 puppi
1167 958 1236 1011 erat
1256 950 1374 1035 posita·

128 1053 305 1139 Nequaab
332 1053 393 1117 hac
414 1053 474 1116 loci
495 1056 666 1119 sanctitate
680 1055 844 1117 absonum
866 1053 1003 1137 videtur,
1025 1054 1110 1136 quod
1133 1057 1293 1119 Anchises
1315 1058 1372 1140 lll,

128 1165 209 1229 3²6:

422 1330 426 1337 .
860 1275 1022 1352 Divosque
1042 1277 1162 1343 uocauit

211 1381 312 1447 &aas
332 1381 420 1444 celso
441 1387 475 1443 iu
494 1387 604 1461 puppi.

132 1489 301 1570 Augustus
323 1490 415 1565 Vlll,
433 1491 513 1552 679:

214 1597 469 1661 summanum
490 1597 676 1677 Populcpue
697 1597 872 1657 Penatibus
893 1604 926 1657 et
944 1603 1070 1676 mapuis
1091 1601 1153 1662 llis

162 1758 166 1771 ‚
214 1704 316 1766 Sinus
337 1705 421 1766 celsa
441 1710 475 1765 iu
494 1709 604 1784 puppi.

127 1813 179 1875 Ab
201 1814 377 1894 insignibus
400 1832 486 1886 vero,
500 1830 581 1893 quae
603 1813 634 1874 in
656 1832 749 1893 prora
767 1821 867 1894 erant,
889 1815 1059 1877 verisimile
1078 1829 1128 1878 est
1141 1835 1243 1879 naves
1260 1838 1373 1881 nomeu

103 1920 290 1983 babuisse.
333 1920 382 1980 lta
405 1938 516 1981 nomen
538 1922 670 1983 Pristim
693 1908 827 1983 servios
851 1921 894 1998 V,
918 1923 1153 2005 llbexplicat:
1182 1925 1254 2000 „vel
1275 1944 1298 1986 a
1320 1935 1375 1986 tu·
1472 1930 1478 1947 “·

132 2030 195 2091 tela
227 2026 371 2109 depicta,
400 2030 453 2089 vel
482 2017 550 2090 inb
578 2023 638 2090 τοῦ
667 2022 797 2112 rapidam
818 2016 859 2090 rb
885 2015 1040 2107 adpruruf‘
1071 2033 1122 2094 ubi
1146 2034 1231 2113 prius
1252 2033 1375 2114 eligens

132 2136 257 2217 potius:
285 2136 349 2216 „ab
377 2137 491 2220 insigni
514 2134 664 2219 depicto“
696 2138 824 2200 dixeris.
874 2138 998 2218 Quodsi
1030 2141 1125 2221 igitur
1147 2149 1273 2202 ceteras
1295 2159 1375 2201 con-

133 2244 381 2306 sideraverimus
394 2267 508 2322 naves,
519 2250 548 2309 in
563 2249 664 2309 altera
679 2248 797 2309 triremi
809 2248 852 2327 V,
866 2248 931 2310 118.
947 2248 1195 2311 Chimaeram
1211 2248 1370 2328 depictam

132 2352 235 2414 luisse
255 2362 447 2437 statuemus,
472 2356 501 2415 iu
526 2357 638 2416 tertiae
656 2356 855 2437 Sergestcae
875 2375 968 2436 prora
992 2355 1183 2418 Centaurum
1206 2356 1248 2429 V,
1275 2355 1347 2418 1223

214 2464 416 2528 Ceu-lauru
437 2465 597 2523 tacebitur·
616 2483 743 2540 magua.

132 2569 239 2633 itidem
264 2571 346 2633 lilius
369 2571 473 2653 Cycni
495 2570 641 2650 x‚=195:
729 2604 732 2609 r

219 2681 383 2755 Inpentem
405 2683 502 2739 remis
524 2679 768 2741 Centaurum
787 2685 956 2756 promovet.

133 2787 249 2869 quibus
272 2805 437 2867 compares
459 2788 602 2867 Propert.
623 2786 683 2867 tv,
704 2788 734 2856 6,
757 2787 814 2849 49:

217 2892 519 2974 Quodque,2vehunt
539 2914 653 2977 prorae
676 2893 907 2957 Centauros
928 2914 1006 2957 saxa
1030 2895 1197 2958 minantes.

132 2998 253 3077 Quarta
275 3001 306 3062 in
329 3001 414 3063 ludis
437 3004 595 3065 Sicilianis
617 3002 709 3064 navis
732 3011 907 3065 memorata
929 3003 969 3078 V,
993 3005 1060 3065 122.
1094 3003 1237 3084 Scyllam
1254 3001 1378 3082 insigne

131 3110 244 3190 gessit
288 3112 323 3170 ln
345 3109 439 3171 classi
463 3113 639 3172 'l'uscorum
662 3112 754 3192 porro
775 3111 818 3188 X,
846 3113 919 3176 ltu:

214 3217 379 3278 Massicus
401 3225 511 3279 cerula
528 3223 680 3295 princeps
699 3228 789 3281 secat
810 3242 949 3302 ueqrmru
968 3227 1072 3299 tiprr'.

131 3323 282 3385 Servius:
306 3324 454 3404 „Acrota
474 3330 558 3402 tipri,
580 3327 672 3387 cuius
688 3335 820 3388 rostrum
840 3340 908 3388 erat
930 3327 961 3387 in
984 3326 1214 3389 similitudinem
1237 3328 1377 3410 tigridis3

136 3451 273 3513 namque
293 3433 396 3493 solent
418 3451 519 3492 naves
542 3433 698 3538 vocabula
721 3435 867 3513 accipere
896 3451 915 3494 a
947 3433 1068 3514 pictura
1096 3435 1299 3495 tutelarum.“
1325 3435 1378 3496 ubi

133 3543 246 3603 iterum
270 3543 436 3604 tutelarum
466 3562 579 3604 nomeu
608 3541 772 3624 insignium
801 3543 872 3601 loco
901 3541 1005 3602 minus
1032 3550 1118 3601 recte
1147 3543 1262 3622 posuit.
1310 3544 1378 3606 Se-

135 3649 269 3713 cundam
292 3671 407 3713 navem
440 3651 632 3714 Centaurum
663 3652 713 3725 X,
745 3650 812 3711 195.
835 3654 896 3710 iam
920 3649 1173 3710 memoravimus.
1215 3652 1251 3711 ln
1272 3652 1375 3734 tertia,

134 3778 218 3843 quac
238 3759 391 3834 laudatur,
414 3759 496 3821 0cni
520 3760 592 3819 navi
614 3758 776 3841 quingenti
797 3765 873 3818 sunt
895 3758 1006 3818 armati
1027 3756 1070 3838 X,
1091 3757 1169 3822 205:

217 3866 304 3940 Quos
323 3875 416 3946 putre
437 3869 567 3928 Beuucc
588 3868 711 3926 celatus
734 3868 915 3925 bortrudme
935 3867 1054 3942 qtarrco

216 3974 401 4036 Mincius
422 3978 539 4056 infesto
560 3977 694 4035 ducebat
714 3980 748 4035 iu
769 3995 907 4054 aequora
926 3977 1016 4051 pinu.

133 4091 230 4164 atque
255 4085 283 4145 iu
308 4104 347 4147 ea
368 4085 474 4169 imago
498 4078 608 4147 Mincii
633 4087 729 4159 fluvii,
751 4086 800 4165 qui
825 4105 842 4144 e
866 4084 935 4147 lacu
960 4085 1087 4144 lieuaco
1103 4084 1244 4163 prolluit,
1269 4081 1377 4160 specie

133 4191 193 4251 viri
216 4191 389 4254 harundine
411 4193 509 4254 velati
532 4193 657 4273 depicta
680 4202 756 4255 erat.
800 4194 836 4252 ln
859 4199 970 4272 quarta
991 4191 1033 4270 X,
1056 4192 1135 4253 209:

465 4294 611 4360 Inmunis
636 4300 701 4365 Tri
707 4307 769 4359 lon
790 4306 822 4358 et
842 4298 972 4359 caerulo
994 4298 1112 4358 conclea

218 4404 404 4465 aaronem
423 4407 522 4485 freto,
544 4408 595 4464 cui
616 4405 751 4464 laterum
773 4410 866 4463 tensas
888 4404 1015 4480 bispida
1037 4406 1129 4462 trunti

217 4511 327 4572 Il'rous
349 4512 503 4570 homiaem
521 4512 676 4589 praeferi,
697 4515 732 4569 in
750 4515 875 4588 pristim
895 4513 1012 4570 desiuit
1031 4511 1128 4569 ulcus.

134 4644 203 4710 Sed
235 4646 275 4707 ab
302 4642 352 4704 his
380 4659 543 4723 prorarum
575 4641 725 4701 monstris
753 4639 943 4702 redeundum
973 4648 1024 4701 est
1055 4637 1225 4700 adcelera
1245 4642 1376 4703 navlum

133 4773 232 4832 arma,
257 4770 387 4836 quorum
411 4749 541 4813 notandi
560 4757 635 4810 sunt
657 4750 769 4810 clauus
789 4750 837 4825 V,
860 4748 928 4810 177.
950 4747 1022 4808 852.
1064 4748 1115 4827 X,
1136 4744 1207 4807 218.
1228 4747 1285 4825 al.,
1310 4751 1380 4827 fori
