3022 5234
201 240 245 303 28
631 241 686 301 De
708 255 808 319 agro
829 237 1000 320 publico.

190 432 228 493 ‚et
245 429 363 506 poetae
386 421 687 505 ipsius.x}1,*899:

191 594 198 605 ,
282 533 350 594 Via·
369 532 452 593 illud
470 532 546 591 lecti
565 531 625 591 bic
645 552 722 592 sec
751 535 872 593 ccroice
894 534 1047 606 subirent,

280 641 398 718 Ouaiia
418 656 505 702 nunc
526 639 688 699 bominum
708 641 860 717 producit
877 659 1010 717 corporo
1030 639 1137 704 tellus.
1183 680 1185 684 -

193 750 248 812 nbi
270 746 480 810 differentiam
501 746 542 808 ab
564 749 704 809 Homero
724 748 904 826 notaveris,
926 750 981 830 qni
1002 768 1065 810 non
1088 747 1266 832 duodecim,
1296 749 1355 814 sed
1378 750 1441 813 duo

193 856 342 933 nominat,
362 855 397 918 Il.
416 856 460 938 V,
489 853 568 918 303:
598 845 617 917 ’δ
638 844 676 916 oi
697 843 768 918 oio
788 853 817 938 γ’
838 844 937 938 ἄνδρε
959 849 1125 940 minutato,
1160 842 1234 917 Οἷοι
1253 852 1307 918 νῦν
1327 853 1442 943 βροτοί

193 955 266 1026 εἰσ’.
306 964 388 1039 x11‚
407 964 484 1025 tta:
501 951 557 1024 τόν
579 959 608 1023 δ’
630 952 669 1025 oil
689 983 726 1025 κε
748 951 805 1024 δύ’
826 952 922 1046 ἀνέρε
943 950 1048 1048 δήμου
1068 953 1193 1046 ἀρίστω
1218 953 1367 1050 Ῥηϊδίως
1388 948 1441 1028 ἐπ’

193 1061 321 1151 ἄμαξαν
346 1059 406 1132 circ'
435 1059 551 1151 οὔδεος
582 1060 781 1149 ὀχλίσσειαν,
814 1058 887 1135 Οἷοι
914 1067 968 1134 νῦν
991 1068 1105 1157 βροτοί
1132 1067 1222 1152 εἰσ’.,
1247 1078 1441 1161 ‚Apollonius

192 1181 314 1263 Argon.
336 1181 393 1257 ΙΙΙ,
417 1178 505 1253 1367.
525 1191 682 1262 quattuor.

275 1289 397 1352 Verum
417 1286 458 1349 ad
482 1287 580 1349 tribus
599 1287 803 1352 redeundum.
837 1294 958 1357 Earum
980 1294 1125 1376 tribuum,
1149 1314 1232 1376 qaae
1247 1303 1361 1376 postea
1378 1313 1439 1354 ex-

32 1406 34 1413 '
120 1480 123 1486 ,
195 1401 344 1464 stiterunt
364 1419 494 1462 numero
517 1402 649 1484 triginta
670 1405 809 1483 quinque
829 1402 1010 1480 Romanae,
1038 1423 1130 1466 unam
1160 1411 1280 1466 tantum
1301 1405 1442 1464 nominat

194 1530 329 1593 eamque
348 1509 643 1590 celebratissimam‚
666 1508 831 1573 Claudiam
846 1510 924 1596 Vll,
946 1511 1025 1576 706:

273 1620 373 1696 Ecce,
393 1619 585 1681 Sabinorum
604 1623 712 1697 prisco
733 1622 772 1680 de
793 1624 952 1697 sanquine
972 1641 1125 1699 moqoum
1231 1693 1232 1696 Ἴ

232 1776 235 1783 .
275 1729 402 1806 Acmen
424 1748 523 1806 cyeno
546 1727 686 1790 Clausus
707 1732 876 1807 moqoique
894 1732 962 1807 ipsc
983 1733 1120 1806 nominis
1142 1733 1257 1802 instar,

277 1838 453 1901 Claudio
474 1855 561 1897 nunc
584 1858 604 1897 o
626 1857 686 1916 quo
707 1840 893 1917 diffunditur
914 1844 945 1897 ei
965 1841 1025 1898 tri
1033 1838 1106 1897 boto
1127 1843 1160 1896 et
1175 1853 1257 1913 qens

276 1949 342 2009 Per
362 1946 501 2020 Latium,
518 1951 686 2025 postquam
708 1950 883 2023 importem
906 1947 981 2006 dato
1001 1947 1102 2007 Romo
1123 1943 1263 2006 Sabinis.

192 2055 229 2115 ln
259 2053 309 2114 his
347 2069 472 2133 quoque
503 2059 598 2132 poeta
636 2071 751 2113 nomen
777 2052 891 2114 saltem
919 2050 1032 2113 Clausi
1059 2050 1112 2112 en⁴
1129 2050 1263 2111 historia
1291 2048 1437 2112 Romana

192 2168 354 2224 mutuatus
375 2171 426 2220 est
445 2167 541 2240 atque
563 2158 594 2219 in
618 2158 857 2240 antiquissimos
877 2159 948 2220 illos
970 2157 1086 2222 heroas
1105 2156 1275 2219 transtulit.
1308 2155 1380 2219 biv.
1397 2158 1441 2235 ll,

187 2271 252 2334 16:
273 2256 449 2352 „Namque
470 2269 570 2330 Attus
592 2266 780 2350 Clausus,
803 2266 855 2329 cui
873 2275 988 2348 postea
1010 2268 1071 2348 Ap.
1091 2264 1227 2329 Claudio
1243 2265 1302 2327 fuit
1315 2264 1441 2327 Romae

188 2384 319 2456 nomen,
341 2393 435 2457 qaum
459 2375 549 2455 pacis
570 2374 642 2458 ipse
662 2384 774 2437 auctor
795 2373 1043 2462 aturbatoribus
1062 2373 1133 2436 belli
1152 2381 1357 2455 premeretur,
1381 2389 1441 2433 nec

188 2488 250 2567 'par
271 2464 400 2548 factioni
421 2487 525 2559 esset,
555 2483 595 2545 ab
622 2482 769 2566 Regillo,
806 2501 924 2565 magna
948 2482 1109 2544 clientium
1135 2482 1302 2544 comitatus
1330 2497 1440 2557 manu,

186 2589 328 2658 ¹Romam
350 2592 530 2673 transfugit.
566 2592 628 2653 His
649 2592 762 2653 civitas
784 2588 861 2654 data
883 2584 1026 2672 agerque
1049 2599 1136 2653 trans
1156 2589 1324 2670 Anienem,
1346 2594 1442 2647 vetus

194 2700 372 2763 Claudia
393 2699 545 2779 tribus,
575 2697 690 2760 additis
712 2706 826 2778 postea
846 2698 939 2758 novis
960 2698 1144 2775 tribulibus,
1177 2697 1229 2779 qai
1251 2716 1293 2758 ex
1314 2716 1353 2760 eo
1375 2714 1441 2757 ve·

192 2789 295 2870 nitent
324 2825 421 2889 agro,
453 2803 645 2887 appellata.“
687 2805 867 2865 Memorato
889 2803 1025 2885 denique
1052 2804 1180 2888 dignam
1202 2806 1287 2866 hunc
1315 2823 1443 2886 qaoque

168 2917 303 3007 ‘Attum
326 2916 345 2976 e
369 2895 496 2979 Sabinis
518 2914 629 2975 foisse.

360 3170 377 3203 ο
768 3144 802 3234 §.
828 3151 874 3212 18.

632 3307 690 3360 lte
708 3319 808 3373 agr-o
825 3307 1003 3376 publico.

275 3476 398 3539 Notum
427 3486 478 3540 est
505 3474 589 3558 apud
615 3484 745 3539 veteres
767 3475 913 3541 Graecos
933 3477 1127 3554 institutum,
1158 3486 1190 3538 ut
1221 3474 1270 3536 vir
1292 3471 1432 3555 quisque

195 3584 407 3666 clarissimus,
443 3603 501 3646 rex
529 3583 672 3667 inprimis
702 3584 741 3647 ob
771 3601 832 3645 sua
853 3584 884 3645 in
904 3585 1056 3666 papulam
1079 3584 1190 3646 merita
1211 3581 1281 3663 agri
1303 3579 1439 3662 quadam

193 3690 339 3771 portione
359 3725 401 3735 -
421 3710 461 3753 ea
482 3685 617 3771 τέμενος
637 3692 802 3755 dicebatur
823 3727 862 3740 -
883 3692 1097 3757 honoraretur.
1134 3694 1186 3755 lox
1206 3710 1268 3774 quo
1290 3687 1434 3749 instituto

194 3796 391 3878 interpretati
418 3807 490 3859 sunt
511 3798 592 3861 duos
613 3798 811 3880 potissimum
833 3801 940 3882 locos,
967 3817 1099 3881 quorum
1133 3818 1196 3860 uno
1217 3816 1276 3859 rex
1296 3798 1437 3861 Latinus

197 3906 331 3967 Aeneae
354 3905 563 3988 Troianisqne
582 3925 733 3988 magnum
748 3909 817 3992 agri
827 3907 943 3989 publici
961 3907 1205 3971 emolumentum
1222 3922 1442 3973 concessurus

196 4023 248 4076 est
268 4013 428 4094 x1,·316:

276 4157 342 4218 Eat
360 4159 489 4216 anticus
510 4175 605 4233 ouer
628 4155 729 4216 Tusco
749 4155 830 4216 mibi
845 4173 1027 4232 prosumus
1048 4155 1147 4235 omiti,

277 4263 413 4340 Loacus
434 4267 469 4324 irc
489 4283 665 4338 occassum,
685 4267 762 4344 linis
784 4282 882 4341 sopor
901 4281 1002 4341 usquc
1023 4259 1173 4342 Sicanos,
1196 4289 1237 4302 -
1257 4292 1299 4307 -··

277 4371 369 4434 Haec
389 4376 492 4434 omnis
511 4377 598 4450 roffio
619 4379 652 4433 et
671 4372 753 4432 celei
768 4371 868 4449 playa
886 4372 984 4448 pinea
1001 4372 1116 4429 montis

89 4560 94 4567 Ι
279 4481 381 4543 Cedat
400 4481 557 4540 amicitiae
582 4479 787 4554 Teucrorum,

195 4586 339 4659 alterum,
362 4602 427 4667 quo
449 4582 608 4645 Ascanius
632 4579 778 4643 omnibus
794 4576 906 4642 ‘adhuc
923 4578 1035 4660 opibus
1066 4595 1189 4660 egenus
1221 4576 1305 4639 Niso
1327 4594 1444 4639 aureos

196 4701 321 4757 montes
340 4693 517 4775 pollicetur,
539 4691 600 4772 IX,
619 4689 697 4752 274:
1155 4748 1158 4755 ,
1179 4669 1181 4674 ’

280 4804 417 4881 Insatpcr
439 4802 503 4881 bis,
527 4801 661 4876 canopi
680 4799 843 4876 quadres
865 4796 960 4859 babet
977 4799 1045 4872 ipse
1067 4794 1213 4856 Latinus.
