3022 5234
245 243 459 328 Vergilius
480 244 575 326 quid
596 245 642 308 do
659 245 754 328 ¹drea,
778 245 939 329 mundo,
962 249 1052 311 feto
1072 251 1266 312 senserit.
1332 251 1392 315 137

152 429 196 511 Χ,
222 426 296 490 113:
390 450 395 457 ·

233 537 318 599 Fata
337 540 420 598 oium
440 540 610 598 inueniant.
692 584 695 589 .
968 596 971 600 A
1038 591 1041 595 .

147 643 270 705 Verum
291 645 373 706 tales
394 645 542 725 loquelae
562 643 701 705 leviores
723 651 830 724 eruut,
867 645 895 704 si
916 663 978 705 non
1000 663 1019 704 c
1040 652 1129 706 certa
1149 647 1285 726 quedam
1309 649 1387 714 doc-

146 728 237 821 trine,
263 750 322 813 sed
345 771 364 812 e
386 752 516 832 poetice.
533 757 650 814 tantum
673 751 823 817 tenuitate
845 754 1001 826 oriantur,
1024 755 1156 835 gravius
1176 755 1269 832 illud,
1297 758 1390 838 qued,

146 838 239 943 quum
255 835 355 922 omne
375 879 504 926 carmen
524 861 726 936 Homericum
749 861 880 924 deorum
901 852 1219 941 veluutetmsummi
1239 885 1390 946 praeser-

145 966 200 1030 tim
223 969 357 1030 numinis
378 969 468 1030 iussu
488 971 678 1049 immitisque
702 970 833 1047 nitatur,
864 972 931 1033 vite
960 979 993 1034 et
1021 971 1107 1032 actio
1132 974 1232 1034 omnis
1259 993 1279 1035 a
1309 977 1389 1038 love

144 1093 271 1156 semper
291 1078 423 1158 vigente
442 1077 671 1156 proficiscetur,
681 1075 844 1139 Romanus
867 1086 961 1159 poete
976 1098 1032 1160 per
1044 1081 1199 1162 integram
1213 1084 1389 1149 Aeneidem

143 1193 336 1266 potestatem
370 1183 524 1265 quendem
547 1203 678 1247 caecam
700 1186 804 1248 omnia
824 1194 992 1269 egentem,
1024 1197 1203 1249 moventem
1217 1188 1388 1256 diffuserit.

146 1292 218 1372 Qua
256 1292 374 1357 factum
415 1303 482 1377 est,
527 1303 560 1355 ut
601 1295 652 1375 qui
684 1312 841 1360 summum
883 1296 1009 1356 virtutis
1049 1298 1210 1376 exemplar
1251 1301 1388 1379 prodere

144 1398 282 1463 debebat
304 1403 444 1477 Aeneas,
466 1420 561 1482 quum
584 1421 645 1462 nen
665 1403 712 1463 sui
734 1401 833 1481 ipsius
854 1403 949 1463 enimi
970 1407 1083 1485 vigore
1099 1404 1283 1483 impelletur,
1305 1406 1386 1468 deo·

143 1529 212 1570 rum
245 1527 372 1588 semper
409 1512 553 1586 numine,
593 1510 659 1572 iate
694 1510 850 1592 appellet,
887 1511 969 1573 iusto
1004 1510 1133 1573 debilior
1169 1522 1202 1574 et
1239 1513 1389 1575 infirmior

143 1617 250 1679 sactus
268 1616 320 1693 sit,
341 1634 433 1699 quem
457 1635 535 1677 vero
556 1624 651 1696 poeta
671 1616 740 1698 ipse
761 1625 796 1679 ut
818 1617 912 1678 deum
935 1628 1184 1699 contemptorem
1207 1624 1296 1704 quasi
1312 1633 1387 1686 nota

144 1725 280 1806 quedem
319 1727 398 1786 inuri
430 1744 549 1806 pessus
565 1735 648 1808 est,
688 1727 813 1787 Turnus
841 1726 892 1785 vir
920 1745 1034 1787 revere
1064 1727 1174 1808 fortis,
1209 1733 1387 1813 etrimesus,

143 1836 196 1913 qui
227 1831 375 1894 adversis
406 1833 500 1894 rebus
528 1833 673 1895 humenis
699 1841 837 1895 mentem
868 1832 1033 1900 infractam
1063 1845 1213 1918 opponet,
1238 1840 1387 1899 evaserit.

141 1941 187 2021 ln¹
199 1941 382 2003 uuiversum
405 1961 484 2003 vere
505 1943 621 2022 omnia,
644 1961 725 2024 quae
738 1959 794 2022 per
815 1941 878 2004 hoc
898 1961 1026 2005 carmen
1046 1945 1128 2007 felici
1140 1963 1211 2007 cum
1228 1954 1386 2008 successu

139 2058 304 2130 geruntur,
327 2068 526 2130 nequaquam
546 2049 705 2112 homiuum
727 2051 853 2112 arbitrie
870 2060 908 2113 et
922 2052 994 2114 uisu
1014 2053 1092 2114 liunt
1103 2096 1113 2134 ,
1134 2053 1191 2114 sed
1215 2074 1234 2115 e
1255 2052 1385 2117 deorum

138 2166 217 2218 nutu
245 2155 400 2236 pendent3
436 2176 517 2240 quae
544 2158 697 2236 infelicia,
734 2177 775 2218 ex
803 2158 1009 2221 humanarum
1036 2161 1147 2222 virium
1184 2165 1384 2226 contentione

139 2265 281 2326 oriuntur
307 2270 340 2324 et
361 2251 544 2329 conduntur.
587 2263 709 2342 Quodsi
730 2265 924 2345 singulorum
946 2267 1102 2331 librorum·
1115 2270 1229 2330 seriem
1252 2272 1385 2334 evolvi·

139 2359 230 2459 mus,
266 2373 437 2453 nonaginta
465 2373 533 2434 iere
558 2371 637 2433 locis
665 2372 763 2433 fatum
794 2371 847 2432 vel
874 2384 1081 2437 memoratum
1109 2375 1164 2436 vel
1190 2375 1382 2440 advocatum

124 2478 295 2543 'videmus
338 2477 389 2544 Cf.
413 2481 438 2555 l,
462 2479 509 2541 18.
530 2477 581 2540 32.
603 2477 653 2541 39.
673 2479 745 2541 205.
767 2478 838 2544 239.
859 2479 930 2540 257.
952 2481 1023 2543 262.
1044 2481 1116 2543 383.
1148 2483 1220 2546 546.
1253 2485 1304 2566 ll,
1336 2484 1382 2550 13.

136 2589 186 2653 34.
209 2589 258 2650 54.
284 2588 350 2650 121.
373 2589 444 2650 tet.
464 2589 535 2650 246.
556 2587 627 2653 257.
648 2587 718 2650 294.
741 2585 813 2650 433.
834 2587 903 2649 738.
926 2590 1046 2665 111,·7.
1073 2592 1103 2652 9.
1133 2591 1180 2652 17.
1210 2589 1281 2654 337.
1310 2593 1382 2660 375.

135 2699 207 2762 395.
230 2699 288 2773 tv,
308 2697 380 2758 225.
401 2696 471 2758 519.
491 2695 561 2759 614.
582 2696 661 2759 651.Ι
674 2695 723 2769 V,
740 2696 813 2761 709.
833 2695 904 2757 798.
938 2698 970 2757 V
972 2700 1005 2772 l,
1028 2696 1098 2759 376.
1120 2699 1191 2761 4119.
1214 2701 1284 2761 449.
1307 2703 1378 2768 461.

136 2807 207 2871 466.
239 2806 310 2869 683.
341 2806 413 2867 879.
439 2803 509 2867 883
540 2805 620 2886 Vll,
653 2805 703 2868 59.
731 2804 801 2869 234.
831 2804 901 2872 239.
929 2807 1000 2869 272.
1030 2809 1100 2872 294.
1121 2807 1192 2871 314.
1215 2808 1287 2869 584.
1308 2808 1381 2885 594,

136 2911 302 2993 vulsie.
325 2908 392 2973 133.
415 2911 486 2975 eet.
507 2909 576 2973 334.
597 2910 672 2974 381.
689 2911 760 2973 398.
782 2911 852 2975 477.
874 2913 944 2977 512.
967 2916 1027 2997 lx,
1050 2916 1100 2977 94.
1125 2916 1195 2983 197.
1220 2919 1286 2984 135.
1311 2919 1381 2982 137.

134 3004 1381 3109 mmmmmmmfflmmmmmm

132 3128 208 3194 743.
227 3128 301 3192 814.
323 3130 380 3202 xl,
400 3128 454 3192 96.
479 3128 553 3191 tle.
575 3126 643 3190 139.
665 3128 736 3193 232.
757 3128 828 3191 587.
849 3129 923 3193 791.
945 3132 1022 3213 xit,
1046 3131 1114 3199 111.
1137 3134 1203 3195 147.
1229 3139 1297 3200 150.
1309 3136 1380 3207 395.

132 3237 205 3303 819.
233 3237 304 3301 676.
331 3236 406 3299 726.
437 3236 507 3301 795.
537 3234 608 3298 819.
635 3235 707 3299 877.
735 3237 806 3299 919.
833 3237 931 3299 ,Fato
960 3241 1045 3298 enim
1082 3239 1178 3305 'l'ruia
1211 3247 1377 3332 evertitur,

137 3345 265 3407 Aeneas
293 3343 415 3404 ltaliam
443 3345 632 3418 accersitur,
664 3341 860 3424 Carthagine
881 3344 1018 3423 pellitur,
1051 3344 1186 3408 Lavinia
1207 3352 1325 3414 coniux
1349 3356 1378 3417 ei

116 3450 329 3527 'mennatum
352 3450 545 3525 Mezentius,
564 3453 690 3513 'l‘urnus
712 3449 763 3513 alii
786 3458 919 3513 mortem
941 3451 1183 3533 iuventaeque
1206 3462 1257 3536 ut,
1282 3458 1375 3539 quid-

132 3558 208 3640 quid
235 3558 277 3620 dli
304 3558 512 3639 hominesque
533 3564 641 3640 agent,
670 3577 732 3619 non
763 3559 886 3638 possint
918 3573 980 3619 non
1015 3557 1186 3639 adimplere
1207 3560 1377 3630 lortuuam.
1447 3614 1453 3619 .

133 3664 260 3743 Quodsi
283 3685 359 3726 voro
382 3664 583 3747 quaerimus,
611 3663 878 3755 andanumtais
907 3673 1050 3746 emanet,
1074 3685 1136 3753 non
1158 3657 1372 3755 dubitandum,

131 3778 206 3854 quin
229 3793 271 3837 ex
290 3774 360 3854 ipso
382 3773 518 3851 deo,-.vel
540 3771 646 3834 ordine
666 3772 822 3835 mundano
845 3773 875 3833 iu
899 3773 1075 3854 semetipso
1097 3774 1250 3841 concluso
1274 3788 1378 3852 emnia

130 3888 219 3943 certe
247 3888 280 3941 et
305 3878 370 3943 fixe
398 3879 451 3940 via
479 3881 664 3977 rationeque
693 3880 818 3960 prodire
851 3887 1017 3962 operteat,
1048 3889 1144 3961 poete
1167 3904 1246 3949 vero
1266 3903 1377 3973 vetum

129 4006 219 4048 mere
241 3985 281 4049 ad
303 3987 391 4068 ipsus
412 3987 483 4048 illes
506 3986 694 4070 dees,.ques
716 3989 848 4068 pupulus
871 3987 1006 4066 colebat,
1029 3987 1187 4081 hominqm
1209 3996 1376 4068 vicissituu

129 4094 220 4161 diuos
243 4094 448 4174 transtulerit,
469 4094 641 4167 edievam
663 4096 872 4177 praesertim,
897 4095 1106 4172 ut,111,375:

618 4204 675 4267 Sic
687 4208 765 4285 seta
786 4206 878 4267 deum
898 4225 960 4265 rec

213 4313 378 4397 Sortitur,
400 4315 554 4396 coluitque
575 4319 679 4395 eicos,-
700 4319 728 4377 e'a
751 4320 882 4377 vertitur
902 4316 988 4376 ordo.

127 4420 287 4498 1V‚6t‹t:
1193 4484 1198 4499 ,
1223 4495 1226 4503 ,

211 4530 754 4613 utaresaa1ovupoaouet,tie
775 4535 928 4594 imminua
949 4533 1072 4600 haeret.
1127 4525 1130 4530 ’
1235 4522 1238 4527 ’

101 4672 104 4676 -
127 4639 274 4720 luppiter
294 4639 414 4703 Veneri
434 4640 560 4718 1,257;

211 4803 296 4869 Fato
315 4808 381 4900 e'tp.

664 4721 802 4788 Manent
820 4727 948 4786 immoto
969 4729 1096 4785 tuorum
