3022 5234
557 248 616 309 lio
635 247 745 310 artis
769 249 979 330 oporibus.
1316 249 1377 315 abr

129 430 273 504 elaverit,
289 449 486 511 nequaquam
514 439 565 492 est
587 428 800 496 dubitandum.
844 429 1071 494 Aedifioiorum
1093 439 1200 493 autem
1224 449 1280 512 per
1302 449 1377 492 ear·

128 540 213 601 mina
240 557 384 619 sparsam
416 537 678 618 descriptionem,
713 557 809 619 quum
845 539 925 600 satis
954 556 1114 618 superque
1146 546 1178 599 et
1208 536 1248 597 de
1279 536 1378 614 ouria,

81 701 85 710 .
127 647 263 727 templis,
284 645 419 707 aedibus
442 646 575 726 privatis
597 647 639 706 sit
666 653 783 722 aetum,
807 646 881 706 hine
898 646 1128 726 seiungendum
1143 664 1219 707 esse
1235 645 1379 708 arbitrati

127 769 246 814 sumus.
289 756 399 834 Ipsum
422 754 517 815 etiam
542 753 676 833 elipeum
705 753 774 813 libri
796 753 902 814 ootavi
925 754 1026 815 variis
1048 752 1184 814 metallis
1206 753 1375 834 caelatum,

127 870 236 942 portas
257 861 324 922 libri
346 863 444 942 sexti,
467 859 597 921 deorum
616 861 648 920 in
676 861 816 940 templis,
851 861 1004 922 maiorum
1030 863 1061 922 in
1092 863 1182 923 atriis
1206 860 1374 941 imagines,

130 981 244 1026 aereas
274 964 407 1046 denique
441 965 472 1025 in
501 966 602 1026 saeris
630 966 762 1048 magieis
786 965 916 1050 effigies
947 970 1010 1027 iam
1040 985 1136 1047 supra
1158 970 1374 1048 exposuimus.

130 1071 268 1152 Reliqua
291 1073 341 1133 bio
366 1091 602 1152 persequemur.

214 1182 386 1244 Sunuvxn
437 1183 581 1243 Meminit
608 1180 712 1259 l'riapi
739 1197 758 1239 e
788 1196 988 1243 marmore
1018 1181 1173 1254 eorrfeoti,
1210 1202 1251 1244 ex
1280 1203 1378 1245 auro

134 1289 322 1352 eorrliomndi
343 1289 457 1370 Eulog.
480 1290 557 1370 Vll,
577 1287 638 1351 84:

681 1397 797 1459 Onalos
817 1417 853 1457 es
871 1401 1025 1473 pauperis
1046 1400 1133 1458 berti
1209 1440 1233 1469 n
1282 1408 1288 1418 '

211 1505 308 1566 Nune
326 1513 357 1566 te
377 1526 587 1567 marmoreum
606 1527 665 1582 pro
687 1514 824 1581 tempere
840 1510 999 1586 feeirnur5
1020 1516 1055 1568 at
1075 1515 1124 1586 tu,

193 1668 194 1673 ,
213 1614 378 1694 arsetam
398 1635 527 1691 prepem
548 1616 750 1695 suppleverit,
775 1636 895 1677 aureus
917 1623 993 1677 esto.

132 1723 245 1786 Deliae
266 1726 363 1784 etiam
385 1721 459 1785 ibid.
480 1721 543 1783 31:

139 1869 142 1873 ·
217 1831 257 1893 Si
272 1836 437 1909 preprium
459 1833 517 1892 ltoa
534 1835 646 1910 fuerit,
670 1833 732 1891 tevi
752 1834 791 1891 de
810 1853 967 1893 marmore
989 1839 1055 1893 tota

216 1942 357 2001 Puniceo
378 1940 477 2013 stadis
498 1961 595 2000 suras
616 1945 740 2002 evineta
762 1943 930 2008 cothurno.

132 2048 291 2110 Promittit
313 2049 432 2109 Veneri
456 2048 558 2110 Catal.
581 2049 637 2109 Vl.
661 2066 715 2124 ae,
736 2048 862 2128 quando
894 2050 1008 2110 Troius
1031 2047 1162 2108 Aeneas
1182 2046 1279 2108 fuerit
1302 2065 1378 2109 oar·

134 2157 216 2218 mine
239 2156 335 2241 digno
358 2158 550 2238 celebratus,
571 2175 633 2217 non
656 2156 758 2216 solum
781 2166 851 2216 ture
872 2157 1019 2237 pictaque
1041 2155 1158 2216 tabella
1174 2156 1293 2235 templa
1311 2157 1379 2218 eius

132 2282 209 2325 esse
224 2264 456 2343 decoraturum,
468 2262 525 2324 sed
533 2263 702 2323 maioribus
716 2266 810 2324 etiam
826 2263 964 2351 viotimis
986 2264 1107 2343 gratias
1129 2271 1273 2325 asturum
1296 2242 1377 2326 ab:

215 2398 259 2458 M
262 2420 534 2478 armoreusque
555 2403 622 2477 tili,
646 2402 713 2472 deu,
737 2400 979 2460 versicoloribus
1002 2401 1066 2461 alis

297 2509 338 2568 In
360 2527 476 2567 morem
494 2512 582 2582 pieta
601 2508 700 2566 stabit
718 2507 818 2568 Amor
838 2507 1001 2584 pbaretra.

135 2613 286 2676 Caesaris
315 2618 411 2675 etiam
431 2614 633 2675 simulacrum
657 2615 686 2675 in
710 2614 826 2694 templo
847 2615 911 2696 ipsi
935 2614 1111 2677 dedicando
1134 2616 1285 2702 adsignat
1307 2619 1380 2684 Ge·

135 2741 204 2807 erg.
227 2723 286 2801 ΙΙΙ,
312 2722 363 2783 16:

216 2832 258 2891 In
278 2833 377 2891 aredio
399 2832 478 2891 mibi
504 2831 625 2892 Caesar
647 2833 715 2902 erit,
740 2827 952 2908 temptantque
974 2831 1098 2889 tenebit.

134 2957 244 3000 verum
265 2939 380 3000 ibidem
402 2940 481 3001 alias
501 2940 594 3001 eliam
617 2946 741 2999 statuas
759 2936 926 2998 additurus
947 2956 966 2998 e
989 2937 1083 2998 l'ario
1106 2955 1262 3001 marmore
1283 2941 1339 3004 34:

217 3046 357 3107 Stabunt
376 3054 407 3106 et
428 3048 544 3106 Parii
562 3047 740 3125 lapides,
762 3048 922 3122 spirantia
942 3048 1047 3126 ripun,

217 3153 379 3214 Assaraci
395 3153 503 3230 proles
523 3154 740 3230 demissaeque
761 3152 798 3209 al
821 3150 896 3209 Iove
915 3154 1022 3225 pentir

217 3263 366 3343 Neaition,
390 3261 531 3338 flosque
550 3277 682 3336 paretis,
705 3262 738 3316 et
761 3258 873 3316 Troiae
896 3256 1056 3332 cyntnim
1078 3264 1201 3321 auctor.

134 3371 221 3432 Parii
241 3367 405 3428 mansoris
429 3368 524 3426 etiam
547 3367 627 3426 Aen.
643 3362 751 3447 l,593.
776 3363 930 3443 meminit:
952 3364 1109 3423 Pariusue
1129 3365 1212 3443 tapes
1235 3371 1379 3426 eircum—
1436 3362 1439 3366 ’

134 3477 231 3536 datar
264 3498 352 3539 auro.
391 3476 481 3552 (cir.
511 3476 588 3539 lta:
618 3474 895 3551 Marmoreamque
922 3473 1060 3544 Paron.)
1103 3475 1183 3534 Aen.
1213 3474 1276 3554 Vl,
1309 3475 1381 3537 ⁴7¹.

134 3584 301 3662 Marpesia
322 3593 431 3646 onmes
450 3596 586 3646 venatur
607 3603 628 3645 a
648 3594 755 3644 monte
776 3584 858 3644 illius
879 3583 1010 3644 insulae.
1053 3583 1100 3643 lbi
1128 3604 1207 3646 vero
1239 3584 1281 3646 ad
1310 3597 1383 3648 sta·

134 3701 226 3771 tuas,
249 3693 448 3773 utvidetur,
483 3713 525 3753 ex
551 3712 590 3754 eo
618 3694 712 3756 betas
742 3692 884 3773 respexit
919 3691 960 3754 de
987 3691 1112 3755 Didone
1139 3695 1273 3776 loquens
1295 3697 1381 3759 fixos

136 3800 247 3862 oeulos
267 3818 403 3861 aversos
424 3808 573 3860 tenente:

218 3911 288 3969 Nee
310 3915 413 3984 inopis
434 3916 557 3988 incepto
579 3911 695 3970 voltum
716 3927 860 3971 sermone
879 3916 1030 3987 meretur,
1072 3943 1074 3947 <

220 4014 321 4090 Quam
342 4023 373 4076 si
393 4021 475 4078 dura
493 4019 580 4078 silea:
601 4025 659 4079 aut
677 4024 742 4078 stet
759 4018 927 4095 Marpesia
951 4024 1070 4079 euntes.

135 4124 249 4185 Potest
271 4126 351 4183 euim
380 4126 595 4207 unusquisque
625 4131 720 4205 poeta
748 4125 823 4188 talia
851 4136 992 4206 mutare,
1032 4134 1067 4189 ut
1098 4124 1192 4189 modo
1225 4132 1383 4206 spirantia

133 4228 231 4309 surra
248 4231 338 4293 dicat
358 4232 637 4314 (quemadmodum
661 4241 693 4295 ot
717 4233 783 4314 Vl,
803 4233 885 4295 848:

216 4341 397 4402 Eacadent
416 4342 474 4402 atii
491 4344 650 4419 spirantia
669 4343 797 4404 mollius
817 4362 908 4426 aera,

218 4447 318 4511 Credo
340 4453 492 4528 equidem,
513 4456 598 4511 oinos
620 4454 737 4512 durent
754 4453 792 4512 de
811 4470 968 4517 marmore
995 4451 1129 4530 uoltus.)
1136 4496 1150 4527 ‚

133 4558 229 4621 modo
250 4558 417 4619 immobilia
439 4567 472 4619 et
494 4559 560 4621 vita
581 4560 724 4621 carentia
747 4577 804 4637 pro
823 4558 924 4620 lubitu
951 4558 1110 4621 exhibeat.

218 4663 384 4728 Canauna
405 4662 519 4727 deinde
539 4663 686 4726 andimus
706 4665 796 4727 varia
818 4683 916 4747 opera
927 4663 1055 4726 diverso
1076 4663 1201 4727 metallo
1217 4680 1258 4726 aa
1281 4663 1381 4747 ligno,

134 4775 270 4856 primum
291 4793 311 4837 e
331 4773 409 4858 fago
429 4773 543 4856 lllelog.
559 4774 625 4851 ΙΙΙ,
646 4770 704 4837 3⁶:
