3022 5234
204 256 247 320 73
305 259 366 320 De
386 255 540 336 clipeo,
559 261 700 335 scuto,
718 269 872 334 parma,
902 254 1037 334 pelta,
1057 258 1181 335 cetra,
1201 253 1340 318 ancili.

205 436 331 521 populis
357 439 501 500 externis
530 435 631 497 luisse
656 451 831 515 propriam,
868 433 1032 519 Vergilius
1058 443 1165 498 tameo
1191 454 1254 498 noo
1286 433 1450 519 indiguam

206 543 327 628 habuit,
352 563 447 628 quam
476 542 572 608 Oscis
591 543 726 626 aliisque
747 544 887 605 fortasse
908 543 996 605 ltalis
1016 543 1167 605 tribueret
1189 545 1270 621 Vll,
1290 544 1369 607 7323

286 679 414 741 Laecae
435 683 550 737 cetra
573 680 670 755 tepit5
686 676 806 757 falcati
826 680 970 737 nominas
990 695 1096 742 enses.

206 822 241 883 ut
271 815 393 877 scilicet
420 813 566 878 bellicum
598 820 784 894 apparatum
818 822 952 896 augeret
980 817 1200 894 varietateque
1232 813 1453 895 distingueret.

205 923 327 985 Postea
349 931 532 1003 usurpatam
554 938 628 982 eom
649 919 827 981 invenimus
846 919 928 1000 apud
951 921 1082 982 Suetou,
1106 920 1290 1003 calip-19:
1319 921 1455 1004 „Primo

206 1029 258 1092 die
280 1028 443 1110 phalerato
472 1044 553 1109 equo
576 1027 778 1110 insignisque
806 1046 946 1113 qucrnea
967 1046 1085 1091 corona
1115 1038 1148 1091 et
1175 1036 1262 1090 cetra
1289 1038 1322 1092 et
1342 1029 1452 1112 gladio

205 1155 365 1219 aureaque
387 1131 591 1219 chlamyde.“

286 1244 316 1306 5.
360 1244 517 1323 ePelta,
538 1242 583 1306 ait
598 1241 712 1306 lrivius
726 1243 883 1324 XXVlll,
904 1241 947 1321 5.,
970 1251 1078 1305 cetrae
1098 1263 1160 1305 noo
1182 1242 1342 1306 dissimilis
1367 1240 1453 1308 est.“

204 1353 398 1434 saepiusque
418 1350 572 1433 peltastas
599 1368 619 1413 a
644 1350 772 1413 cetratis
798 1369 861 1411 nou
888 1349 1061 1432 distinguit.
1103 1351 1256 1413 Attamen
1285 1352 1452 1415 discrimen

205 1481 268 1524 non
301 1459 473 1541 materiae,
505 1457 565 1518 sed
597 1456 719 1519 iormae
750 1457 915 1519 exstitisse
948 1458 1067 1519 licebit.
1109 1459 1189 1520 Veri
1224 1460 1305 1521 enirn
1339 1462 1453 1542 simile,

206 1569 291 1653 quod
311 1571 344 1632 ln
373 1568 584 1631 monumentis
605 1565 803 1648 potissimum
826 1566 975 1628 Etruscis
997 1569 1210 1647 conspicimus
1231 1570 1375 1649 corporis
1400 1577 1452 1643 te·

203 1685 407 1761 gementum,
435 1674 477 1740 ad
497 1674 614 1756 peltam
636 1675 779 1755 proxime
807 1677 999 1737 accessisse.
1042 1676 1136 1737 Hanc
1156 1676 1342 1740 Amazones
1364 1676 1448 1759 apud

205 1786 383 1870 Vergilium
404 1795 533 1872 gestant
556 1788 595 1870 1,
616 1786 696 1848 490:

284 1897 386 1958 Ducit
404 1894 638 1957 Amazonidum
661 1893 825 1954 lanatis
846 1896 975 1969 aomina
992 1892 1126 1971 peltis

288 2002 493 2066 Penthesilea
509 2004 639 2082 [arena

204 2108 271 2184 xl,
290 2105 371 2168 6633

287 2213 441 2277 Feminea
460 2214 630 2275 exsultant
650 2213 810 2275 lanatis
831 2216 959 2289 cymino
977 2213 1122 2289 peltis.

204 2317 341 2383 Servius
361 2319 404 2382 ad
424 2319 559 2400 priorem
582 2321 707 2381 locum:
743 2319 873 2396 „Scutis
901 2318 1099 2380 brevissimis
1129 2319 1161 2382 in
1190 2317 1315 2383 modem
1340 2322 1451 2383 hucac

203 2427 265 2490 iam
288 2427 440 2491 mediae.“
467 2428 668 2489 Amazonum
691 2428 808 2508 peltam
834 2428 864 2487 in
887 2427 1027 2505 plurimis
1047 2404 1158 2490 videre
1177 2436 1229 2490 ost
1252 2431 1450 2491 nocumentis

204 2555 236 2598 v.
259 2558 293 2621 g.
320 2540 371 2600 De
400 2537 515 2600 Clarae
544 2536 671 2600 musdes
701 2539 759 2600 des
801 2538 980 2617 sculptores
1015 2538 1162 2618 antiques
1201 2546 1233 2599 ct
1271 2536 1451 2600 modernos.

204 2651 365 2712 Planches
393 2653 431 2711 ll.
456 2651 533 2714 'l'ab
560 2649 704 2725 cxvii,
724 2648 795 2713 231.
840 2644 1025 2708 Secundum
1058 2646 1231 2728 Vergilium
1267 2645 1350 2723 Vll,
1380 2648 1449 2714 743.

206 2758 391 2836 Abellanis,
414 2758 610 2838 Campaniae
630 2759 760 2838 populo,

287 2867 533 2945 Aerataeqae
553 2871 673 2927 micant
690 2864 845 2943 peltae,
873 2866 1106 2923 minataerens
1127 2869 1224 2927 ancia.

285 2977 316 3040 6.
358 2978 394 3037 ln
417 2976 550 3038 Aeneae
570 2974 670 3059 clipeo
691 2972 857 3033 Vulcanus
879 2972 977 3048 l'lll,
1002 2973 1082 3035 6643

626 3083 673 3142 Et
691 3082 784 3159 lapsa
805 3082 958 3143 ancilia
979 3083 1066 3143 coelo

288 3192 483 3253 Eoetnderat.

206 3315 276 3378 Res
298 3334 316 3375 e
338 3314 422 3375 Livii
443 3316 475 3390 l,
496 3312 548 3376 20.
573 3311 756 3376 notissimae
790 3311 915 3392 [Numa
936 3311 1061 3391 Salios]
1089 3312 1325 3395 „coelestiaque
1354 3333 1456 3391 arma,

205 3441 288 3505 quac
309 3422 461 3484 ancilia
493 3422 704 3503 appellantur,
736 3421 837 3497 ferre,
868 3439 908 3483 ac
928 3441 984 3503 pcr
1005 3422 1112 3482 urbem
1136 3423 1180 3480 irc
1202 3430 1353 3483 canentes
1376 3441 1451 3485 car-

197 3520 288 3593 ¹mina
310 3547 383 3591 oum
405 3530 547 3612 tripudiis
569 3531 775 3612 sollemnique
795 3531 914 3593 saltatu
938 3531 1060 3592 iussit.“
1105 3529 1260 3606 Quotiens
1282 3532 1444 3592 exercitus

207 3638 248 3701 ad
260 3636 491 3719 expeditionem
506 3641 567 3699 iter
582 3637 731 3711 faciebat,
743 3634 823 3697 hoec
836 3656 923 3698 arma
937 3636 1155 3698 movebantur.
1193 3636 1265 3698 biv.
1276 3636 1455 3713 XXXVII,

203 3744 261 3812 332
292 3745 440 3821 „Stativa
468 3742 581 3806 deinde
608 3743 647 3809 ad
678 3744 922 3825 Hellespontum
944 3744 1133 3827 aliquamdiu
1156 3745 1349 3822 habueruut,
1371 3750 1443 3830 quia

205 3853 276 3914 dies
299 3853 401 3929 forte,
430 3853 544 3934 quibus
571 3854 684 3915 ancilia
714 3865 901 3936 moventur,
931 3855 1072 3936 religiosi
1101 3853 1140 3917 ad
1164 3857 1222 3916 iter
1243 3853 1449 3917 inciderant.“

202 3957 255 4023 Ad
277 3959 361 4022 hunc
383 3942 501 4022 morem
522 3961 638 4024 rettulit
659 3963 754 4031 Serv.
777 3964 872 4047 Vlll,
893 3961 928 4029 33
952 3962 1111 4044 [Turnus]

290 4085 394 4163 thue
414 4090 500 4151 actio
522 4091 684 4153 concussit
702 4109 812 4171 equos,
833 4097 930 4168 atone
951 4089 1109 4166 inpulit
1128 4107 1246 4149 arma.

203 4219 295 4296 „lloc
316 4218 359 4280 ad
378 4219 504 4300 pedites
522 4221 672 4299 purtiuet3
702 4228 754 4282 est
776 4229 881 4289 autem
904 4238 1077 4282 sacrorum.
1119 4220 1205 4282 Nam
1229 4220 1268 4296 is,
1301 4218 1354 4298 qui
1376 4216 1449 4281 belli

207 4341 398 4409 susceperat
417 4347 549 4412 curam,
574 4331 747 4392 samarium
776 4332 892 4392 Martis
913 4330 1083 4412 ingressus
1103 4330 1202 4410 primo
1222 4329 1451 4392 ancilia-com-

207 4436 371 4512 movebat,
392 4445 465 4522 post
485 4438 610 4499 hastam
632 4437 792 4499 simulacri
813 4436 930 4517 ipsius,
951 4437 1075 4500 dicem:
1107 4436 1235 4501 MARS
1258 4435 1449 4500 VlGlerJ‘

206 4545 359 4607 Attamen
380 4545 509 4610 obstare
528 4545 667 4620 videtur,
688 4542 772 4626 quod
793 4544 908 4607 bellum
929 4546 991 4606 iarn
1013 4545 1129 4607 vexillo
1144 4548 1309 4625 proposito
1327 4544 1455 4608 iudica·

205 4658 287 4734 tum,
307 4652 402 4735 signo
424 4651 497 4714 dato
519 4651 679 4732 inceptum
699 4659 762 4714 est
804 4651 989 4732 Simplicius
1015 4668 1094 4735 ergo
1123 4649 1164 4714 de
1190 4651 1286 4714 umis
1316 4654 1348 4716 in
1379 4653 1451 4717 oni·

206 4777 336 4824 uersum
357 4759 526 4824 commotis
544 4760 691 4842 accipere
709 4759 826 4842 possis,
847 4777 944 4841 quurn
963 4761 1091 4824 'l'urnua
1113 4769 1146 4822 et
1165 4777 1268 4842 equos
1278 4762 1453 4837 concutiat,
