3022 5234
199 241 241 303 34
518 241 574 302 lle
595 241 709 303 urbis
733 238 969 303 condendae
990 259 1110 304 more.

284 422 354 484 Aur
372 400 642 499 Agamemnonius
663 430 827 485 scaenis
849 428 990 499 epitatus
1004 426 1143 487 corceles

286 531 452 592 Armatam
470 535 598 610 facibus
619 539 751 593 matrem
772 539 805 593 et
822 534 1022 610 serpentibus
1047 539 1127 594 utris

286 639 392 715 Οααηι
409 642 499 717 fugit
516 640 710 720 ultricesque
729 643 841 702 cedem
860 645 896 700 iu
918 643 1025 702 limine
1045 644 1156 703 Dirce.

204 771 271 831 lam
296 769 431 832 Servius
454 769 607 848 explieat:
647 775 802 852 „scaenis
822 775 963 848 epitatus
983 771 1147 853 famosus,
1178 771 1358 834 celebratus
1379 780 1449 832 tra-

204 876 339 958 goediis,
362 886 394 939 et
415 882 555 956 epitatus
582 904 673 923 --·
695 879 786 961 quasi
805 879 988 961 frequenter
1009 877 1140 940 actus.“
1163 879 1207 943 ita
1228 887 1262 940 ut
1282 883 1448 940 scaenis

203 987 339 1066 positum
361 986 402 1047 sit
423 1004 495 1066 pro:
517 986 548 1046 in
570 1003 705 1067 scaena,
728 986 756 1048 si
780 1006 799 1047 e
820 990 921 1048 nostri
944 986 1059 1048 theatri
1081 1004 1140 1047 usu
1163 987 1313 1067 loquaris.
1345 989 1445 1048 lmmo

203 1091 287 1153 baec
317 1093 488 1171 explicatio
514 1098 641 1155 omuino
667 1091 783 1157 firmari
813 1094 941 1156 videtur
962 1103 1115 1175 perpetuo
1138 1093 1270 1176 Vergilii
1292 1094 1449 1157 imitatore

203 1199 348 1260 Aemonio
369 1201 467 1282 epigr.
487 1201 545 1263 712

286 1307 420 1366 Praeter
441 1306 571 1389 legitimi
594 1308 745 1390 genitalia
764 1307 895 1369 foedera
922 1315 1035 1369 coetus

287 1414 441 1494 Repperit
464 1415 619 1477 obscenas
643 1417 789 1478 Veneres
804 1417 920 1477 vitiosa
940 1416 1047 1497 libido,

288 1521 439 1582 Herculis
461 1521 572 1583 heredi
592 1540 687 1603 quam
710 1523 843 1584 Lemnia
859 1504 967 1585 'suasit
986 1531 1135 1605 egestae,

288 1631 393 1710 Quam
414 1642 491 1714 toga
512 1632 637 1695 facundi
658 1636 820 1695 scaenis
852 1632 1035 1714 agitavit
1059 1630 1180 1693 Afrani.

206 1739 310 1802 Vides
338 1750 532 1821 postremum
554 1762 683 1806 versum
706 1764 725 1804 e
745 1743 866 1805 laciniis
888 1744 1071 1806 Horatianis
1093 1742 1351 1824 Vergilianisque
1373 1760 1448 1802 esse

207 1848 468 1932 conglutinatum.
518 1851 639 1912 Verum
665 1853 747 1913 enim
782 1870 861 1912 voro
895 1862 927 1912 et
961 1870 1020 1913 nos
1046 1848 1202 1912 interdum
1234 1846 1389 1929 quaedam
1418 1850 1447 1907 in

207 1955 347 2034 antiquis
369 1957 488 2016 rectius
510 1957 726 2039 intelligimus,
748 1977 842 2038 quam
863 1959 923 2038 ipsi
936 1960 1135 2038 antiquorum
1149 1955 1330 2036 populares,
1353 1972 1450 2033 prae-

208 2065 319 2125 sertim
342 2063 369 2124 si
390 2064 481 2142 plura
504 2067 584 2125 inter
606 2084 663 2127 eos
683 2067 794 2128 secula
817 2069 1071 2129 intercesserunt.
1113 2067 1179 2127 lam
1200 2064 1272 2126 olim
1295 2063 1326 2122 in
1347 2060 1450 2122 libello

207 2169 250 2231 de
273 2189 392 2231 morum
413 2173 445 2233 in
467 2172 602 2253 Vergilii
624 2173 770 2236 Aeneide
790 2174 907 2236 habitu.
951 2174 1080 2234 Bonnae
1103 2171 1192 2234 isso.
1214 2190 1243 2250 p.
1265 2170 1316 2231 99.
1338 2168 1451 2229 conie-

208 2295 333 2351 ceram,
364 2277 434 2341 fieri
470 2281 609 2342 fortasse
637 2299 752 2361 posse,
784 2289 820 2344 ut
848 2300 987 2344 scaenae
1016 2280 1047 2345 h.
1069 2282 1087 2345 l.
1110 2300 1172 2341 non
1194 2277 1309 2339 theatri
1330 2284 1452 2357 partem

209 2385 407 2468 significent,
441 2388 499 2449 sed
533 2389 685 2450 visiones.
736 2389 811 2450 Non
846 2389 928 2450 cuim
958 2396 1100 2468 poteram
1137 2385 1212 2446 mihi
1248 2379 1451 2464 persuadere,

210 2501 337 2573 poetam
368 2498 400 2556 in
428 2499 661 2576 comparatione
692 2497 732 2559 de
762 2499 885 2560 insania
912 2496 1045 2559 Didonis
1074 2514 1143 2557 cum
1166 2495 1298 2555 aliorum
1321 2489 1452 2550 heroum

209 2601 316 2662 furore
338 2602 482 2663 instituta
503 2621 565 2665 non
586 2603 647 2665 hos
668 2608 758 2684 ipsos
779 2605 914 2685 heroes,
938 2603 996 2664 sed
1019 2602 1059 2664 de
1079 2618 1198 2664 scaena
1220 2597 1310 2680 quasi
1332 2615 1351 2656 e
1373 2613 1452 2676 spe-

210 2711 284 2771 culo
315 2709 514 2791 desumptam
546 2714 717 2796 imaginem
744 2715 777 2773 in
808 2713 920 2793 poesin
948 2729 1038 2772 suam
1060 2710 1252 2770 inculcasse.
1294 2703 1452 2784 Quamvis

211 2816 294 2878 enim
314 2816 469 2880 fateamur
492 2830 650 2903 oporteat,
673 2821 799 2885 Orestis
816 2819 910 2881 modo
925 2818 1113 2881 dementiam
1127 2815 1234 2876 multis
1247 2812 1363 2876 fabulis
1377 2828 1455 2875 esse

186 2990 192 3004 ὗ
210 2932 389 3007 tractatam,
411 2934 509 3009 atque
530 2936 564 2990 ut
584 2928 679 2992 hodie
699 2929 860 3009 personati
883 2935 1012 2989 actores
1031 2927 1183 2987 inlustres
1205 2920 1236 2980 in
1254 2918 1381 2980 actione
1401 2916 1456 2976 vel

211 3024 352 3110 corporis
374 3033 509 3113 quodam
532 3044 619 3095 motu
642 3033 737 3095 defixi
758 3033 845 3116 pingi
866 3033 983 3110 solent,
1004 3035 1102 3092 itaet
1123 3038 1188 3090 tum
1209 3024 1276 3087 fieri
1296 3023 1455 3104 potuisse,

211 3149 247 3202 ut
285 3140 436 3221 Aesopus
470 3142 525 3203 vel
559 3141 687 3222 quilibet
715 3140 796 3201 alius
824 3139 935 3201 histrio
964 3136 1111 3200 Orestem
1143 3133 1278 3195 vesania
1305 3129 1454 3192 adactum

212 3265 329 3330 magno
351 3248 458 3327 populi
480 3251 591 3328 plausu
612 3256 687 3309 ante
710 3247 819 3307 oculos
842 3253 1043 3324 mentemque
1070 3239 1284 3323 proposuerit:
1315 3245 1455 3300 attamen

212 3351 242 3412 si
264 3356 326 3415 tale
349 3357 421 3436 quid
443 3378 463 3420 a
485 3358 628 3440 Vergilio
651 3334 704 3419 hic
726 3364 906 3438 spectatum
929 3351 1119 3416 credendum
1140 3350 1192 3420 sit,
1215 3345 1324 3407 nescio
1338 3343 1454 3439 quida

215 3467 310 3529 Musa
333 3468 467 3529 alienum
491 3485 530 3528 ac
551 3466 713 3527 doctrinae
734 3467 849 3527 nimiae
871 3465 1096 3527 documentum
1118 3461 1148 3522 ei
1169 3456 1319 3519 intrudes.
1342 3455 1455 3516 Sermo

216 3577 297 3635 enim
321 3583 370 3634 est
392 3573 432 3634 de
454 3572 580 3634 Didone
601 3583 705 3634 mente
727 3582 821 3654 capta
841 3576 986 3656 visisque
1010 3573 1108 3633 variis
1130 3571 1268 3632 anxiata.
1312 3562 1457 3642 Compa-

214 3698 304 3740 rarur
325 3680 422 3759 primo
445 3698 514 3740 cum
537 3678 695 3754 Pentheo,
724 3682 776 3760 qui
806 3678 969 3740 demens
998 3679 1166 3739 Furiarum
1186 3676 1330 3759 agmina,
1356 3673 1456 3733 solem

216 3789 376 3868 geminum
400 3790 603 3869 duplicesque
626 3791 753 3852 Thebas
775 3790 871 3872 vidit,
893 3809 962 3852 oum
986 3788 1121 3864 Oreste,
1143 3788 1196 3869 qui
1219 3794 1351 3847 matrem
1372 3783 1456 3845 faci·

216 3893 276 3955 bus
308 3898 574 3977 serpentibusque
601 3905 753 3958 armatam
783 3904 816 3958 et
843 3897 938 3957 Diras
960 3899 992 3956 in
1014 3896 1121 3956 limine
1141 3893 1291 3954 sedentes
1314 3891 1458 3972 effugere

217 4000 295 4064 vult.
338 4001 481 4061 Vocibus
503 4002 611 4083 itaque
631 4008 758 4063 scaenis
780 4007 919 4078 epitatus
940 3978 1121 4081 respondet·
1130 4002 1161 4059 in
1175 4001 1279 4079 priore
1301 3996 1375 4058 illud
1398 3999 1457 4057 de-

216 4127 314 4168 mens.
366 4109 483 4189 Neque
518 4110 586 4171 sola
616 4114 844 4173 sententiarum
878 4108 1086 4188 compositio,
1109 4105 1167 4167 sed
1200 4106 1329 4188 linguae
1358 4105 1459 4186 ipsius

216 4213 337 4277 indoles
363 4213 447 4277 hanc
475 4220 735 4299 explicationem,
767 4218 798 4278 ni
823 4217 933 4297 fallor,
967 4216 1098 4297 flagitat.
1142 4217 1192 4277 De
1221 4215 1346 4278 theatro
1375 4215 1459 4275 enim

216 4324 322 4405 potius
350 4326 554 4387 actitatus
583 4345 675 4407 qoam
708 4325 893 4406 agitatus
926 4329 995 4383 erat
1015 4321 1191 4385 dicendum.
1233 4321 1358 4384 Deinde
1379 4341 1459 4382 vero

217 4432 331 4516 agitari
360 4443 424 4495 tam
452 4429 578 4514 proprie
600 4433 638 4494 de
659 4432 809 4493 furiarum
832 4433 885 4492 vel
906 4430 1067 4492 numinum
1090 4418 1312 4511 persecutione
1333 4428 1456 4508 dicitur,

216 4553 251 4604 ut
269 4542 323 4603 hic
344 4562 424 4604 usus
447 4563 596 4628 megnum
618 4533 696 4606 sane
719 4549 909 4602 momentum
931 4540 1037 4606 addat.
1079 4539 1271 4604 conferatur
1292 4549 1366 4601 ante
1387 4557 1459 4600 om-

219 4651 270 4712 nia
290 4650 374 4730 apud
395 4655 495 4731 ipsum
518 4650 696 4732 Vergilium
719 4649 799 4708 Aen.
820 4648 882 4730 lll,
904 4646 983 4710 3312

261 4783 263 4788 ·
306 4757 472 4821 Scelerum
488 4762 588 4839 furiis
609 4762 790 4835 capitulus
821 4755 969 4836 Orestes,
