3022 5234
207 246 247 308 dl
707 247 978 310 lle'elassico.
1034 256 1037 263 “

207 424 338 490 violetur.
357 427 539 491 attribuere.
582 426 764 506 Qnid‘t'lric
785 443 936 491 numerus
959 431 1042 492 ornui
1074 429 1306 511 significatione
1327 431 1450 496 caret?

208 536 296 599 Nihil
317 534 439 601 dehac
461 537 652 599 re.Servius
674 546 782 600 monet
808 539 889 600 alias
916 537 1025 601 harum
1060 558 1163 602 rerum
1196 547 1262 602 tam
1292 542 1451 603 curiosus.

209 644 278 709 Sed
299 664 395 727 quum
416 643 546 705 indictio
567 643 723 706 fetialium
743 644 786 707 sit
808 643 966 727 officium,
995 646 1123 711 'l'urnus
1154 649 1261 729 itaque
1283 653 1375 731 quasi
1401 652 1454 713 ie-

209 752 328 815 tialium
348 752 495 832 princeps
509 752 563 812 vel
584 762 674 832 pater
695 763 839 832 patratus
861 755 903 816 sit
915 755 1157 818 existimandus:
1180 757 1293 836 viginti
1308 760 1452 820 illosco-

208 866 302 925 mites
322 858 449 925 fetiales
470 860 533 922 sint
554 871 685 941 oportet
708 862 753 922 At
775 871 859 923 teste
880 862 986 924 Nouio
1009 863 1115 926 Varro
1138 862 1178 925 de
1202 867 1270 928 vita
1291 867 1329 931 P.
1344 867 1387 931 li.
1410 869 1452 929 11.

208 973 263 1050 (fr.
284 964 313 1054 p.
334 972 421 1043 246.)
443 981 591 1053 quattuor
612 978 734 1032 tautum
758 970 912 1033 nominat:
956 973 1094 1054 „ltaque
1115 972 1205 1036 ⁸belle
1233 982 1266 1036 et
1293 974 1385 1037 tarde
1420 984 1453 1036 et

208 1100 326 1165 magna
347 1081 475 1144 licentia
496 1081 724 1161 suscipiebant.
747 1079 831 1162 quod
853 1080 968 1142 bellum
990 1081 1108 1144 nullum
1130 1082 1189 1143 nisi
1201 1083 1285 1162 pium
1298 1083 1452 1163 putabant

208 1192 277 1272 geri
288 1199 445 1270 oportere,
461 1188 548 1269 prius
559 1207 653 1269 quam
666 1187 961 1252 indicerentbellum
976 1189 1027 1270 iis,
1041 1189 1186 1271 aquibus
1206 1191 1333 1255 iniurias
1344 1193 1451 1254 iactas

209 1296 365 1376 sciebant,
388 1297 515 1360 fetiales
537 1296 664 1376 legatos
694 1312 747 1355 res
776 1294 944 1374 repetitum
978 1295 1144 1362 mittebant
1171 1305 1332 1377 quattuor,
1371 1318 1453 1381 quos

207 1417 352 1471 oratores
363 1401 556 1470 vocabarrt“
568 1403 636 1467 Sed
658 1403 742 1466 idem
754 1403 858 1467 Varro
880 1401 992 1466 eodem
1008 1403 1161 1491 laudante
1176 1407 1384 1486 grammatico
1397 1409 1453 1476 ill.

208 1517 314 1598 (sn-p.
331 1515 423 1594 246.)
450 1532 577 1577 ornnem
599 1512 823 1577 difficultatem
846 1513 983 1575 extricat
1003 1512 1086 1575 haec
1107 1496 1272 1601 adferens:
1296 1514 1452 1595 „Sicuius

205 1625 299 1707 legati
322 1624 433 1686 violati
453 1629 582 1701 essent,¹
599 1620 651 1701 qui
672 1620 704 1681 id
726 1619 896 1694 fecissent,
926 1617 1075 1700 quamvis
1100 1600 1224 1683 nobiles¹
1245 1628 1372 1702 esseut,
1404 1623 1449 1683 uti

207 1729 396 1793 dederentur
419 1728 546 1790 civitati
567 1735 758 1809 statuerunt,
775 1725 964 1806 fetialesque
976 1724 1137 1808 viginti,
1160 1726 1211 1806 qui
1228 1724 1332 1789 dehis
1354 1728 1450 1790 rebus

207 1844 452 1924 cognoscerent,
476 1834 649 1898 iudicarent
671 1844 704 1896 et
725 1839 913 1914 statuerent,
934 1834 1166 1905 constituerunt
1181 1856 1197 1888 u

769 2075 803 2166 q,
823 2081 874 2145 aa.

287 2415 410 2496 Magna
430 2418 512 2476 iuter
542 2409 729 2474 llumerieas
750 2408 1019 2489 l’crgilianasque
1047 2409 1234 2490 proeliorum
1261 2405 1452 2487 descriptio-

206 2541 272 2588 nes.
286 2523 339 2585 illa
358 2521 525 2585 intercedit
547 2518 741 2600 differentia,
770 2527 806 2582 ut
826 2518 910 2600 apud
934 2517 1094 2581 Graecum
1116 2534 1169 2579 ars
1190 2516 1312 2577 musica
1335 2515 1375 2576 ad
1398 2515 1452 2575 hi-

206 2631 367 2696 laraudam
389 2632 459 2693 fere
480 2632 584 2692 solum
604 2631 702 2690 vitam
724 2627 892 2690 humanam
913 2637 1076 2707 appareat,
1105 2626 1289 2705 citharaque
1309 2625 1378 2684 fere
1400 2624 1452 2683 rel

205 2742 275 2821 lyra
296 2739 509 2814 contineatur,
532 2735 615 2816 apud
642 2734 820 2798 Romanum
846 2742 975 2815 poetam
998 2735 1186 2814 praecipuus
1214 2733 1255 2794 sit
1277 2733 1367 2803 inre
1390 2733 1450 2793 nri·

204 2851 288 2913 litari
315 2865 405 2910 usus.
452 2846 526 2907 llue
551 2854 627 2905 aute
655 2845 758 2905 omnia
783 2843 918 2924 pertinet
945 2861 1016 2904 mos
1043 2843 1154 2924 signi
1184 2840 1332 2915 dationis,
1355 2861 1450 2922 quum

204 2959 259 3020 vel
275 2970 388 3039 ‘pugna
410 2952 659 3027 concurrendum
681 2952 735 3013 vel
756 2951 869 3013 castris
892 2948 1122 3026 decedendum,
1144 2951 1196 3010 vel
1218 2949 1247 3010 in
1268 2947 1351 3011 aliud
1371 2966 1451 3028 opus

205 3066 340 3130 militare
361 3065 403 3128 sit
423 3060 675 3126 incumbendum.
719 3060 800 3124 Aen.
822 3062 879 3144 lli,
903 3059 980 3127 239:

589 3172 658 3234 nat
678 3176 805 3250 siquem
828 3172 962 3249 speculo
982 3170 1133 3250 Misenus
1155 3169 1192 3228 ol
1216 3167 1281 3226 olto
1352 3158 1364 3177 '

286 3285 372 3347 Aere
394 3260 478 3345 cudo.
521 3282 685 3342 Incedunt
704 3285 794 3363 socii,
818 3287 851 3340 et
867 3298 947 3340 nona
967 3277 1089 3357 proelio
1123 3282 1280 3354 temptent

285 3389 365 3452 519:

205 3393 262 3469 ΠΙ)
285 3503 352 3563 Dat
372 3495 492 3557 olorum
515 3515 532 3554 e
552 3497 654 3573 puppi
671 3497 811 3571 oipnum,
832 3509 892 3552 nos
913 3497 1019 3561 cestro
1041 3509 1208 3551 movemus.

204 3608 265 3688 xl,
287 3606 363 3670 474:

452 3711 543 3773 Bello
563 3713 618 3771 dot
637 3714 765 3789 siquam
788 3725 889 3768 rouen
913 3710 1078 3765 cruentum

288 3826 423 3886 Bucino.

207 3931 280 4009 ΧΗ,
306 3928 382 3992 129:

283 4037 389 4116 thue
408 4039 481 4100 dato
502 4043 593 4116 eiprro
614 4042 720 4117 spotia
739 4041 774 4098 tu
793 4055 854 4098 suo
876 4039 1010 4115 quiaque
1032 4038 1174 4095 recessit.

89 4220 92 4225 Ι
206 4141 276 4205 Dea
297 4144 425 4205 Allecto
445 4144 522 4225 Vll,
544 4142 623 4209 51³:
681 4206 683 4211 .

282 4252 450 4316 Postorote
471 4261 559 4316 coeit
578 4258 719 4336 stonum,

203 4376 266 4442 quo
288 4358 404 4424 bellum
428 4358 611 4441 incenditur,
635 4363 692 4443 lX,
715 4361 802 4427 394:

277 4469 381 4531 Audit
398 4488 506 4551 equos,
528 4471 619 4530 cudit
637 4474 792 4548 strepitus
813 4478 846 4532 et
864 4475 959 4549 atquc
979 4475 1176 4550 sequentum.

195 4573 258 4654 Qui
286 4594 363 4638 vero
390 4573 471 4638 bello
502 4577 574 4657 ipso
601 4577 782 4639 imminente
820 4579 1117 4669 instrumentorum·
1133 4575 1287 4658 strepitus
1318 4575 1448 4654 editur,

193 4701 276 4748 voce
297 4687 427 4766 proprie
448 4684 620 4748 classicum
641 4685 830 4766 appellatur.
872 4685 950 4749 lnde
971 4687 1049 4765 Vll,
1071 4683 1152 4749 8³⁷:

276 4791 423 4854 eunucu
440 4796 571 4876 ianque
591 4799 718 4874 meme,
739 4796 765 4853 u
784 4792 863 4854 detto
886 4800 1008 4856 tessera
1028 4797 1165 4871 riporum.
