3022 5234
447 256 506 321 ue
527 257 697 323 aedibus
717 259 922 327 Romania.
1245 270 1309 334 225

63 433 205 499 Mutavit
226 437 320 500 Maro
341 455 445 500 aeram
465 439 496 501 in
516 441 682 519 caedrum,
709 450 743 506 ut
763 447 985 509 vestutissima
1005 466 1081 511 esse
1103 435 1203 528 ξόανα
1221 453 1308 516 indi-

61 550 160 605 eret.
205 542 357 607 oreon.
382 546 425 609 N.
448 547 489 608 u.
512 548 680 629 xv1‚ro.

146 649 267 715 Verum
288 654 370 716 errim
392 668 471 718 vero
493 657 543 718 his
565 656 642 739 ipsis
659 658 852 742 imaginibus
870 662 1109 726 considerandis
1126 668 1157 728 in
1176 667 1308 731 alteram

63 762 367 841 eamquemaiorena
389 761 503 827 domos
519 764 684 835 Romanae
704 777 825 848 partem
844 772 1006 851 progressi
1024 789 1146 850 sumus,
1167 775 1309 837 atrium

61 865 144 932 dioo.
193 864 290 945 Quod
318 873 347 932 si
375 889 487 933 verum
511 880 578 953 est,
608 873 691 955 quod
714 876 819 952 atriis,
852 886 887 939 ut
906 878 951 940 ait
973 879 1142 944 Vitruvius
1162 881 1222 964 Vl,
1236 885 1307 966 lu,

62 971 182 1037 Graooi
204 995 264 1037 non
287 987 426 1058 utuntur,
446 979 466 1041 ii
484 981 635 1043 Aeneidis
657 992 743 1044 certe
760 983 829 1059 loni,
854 986 968 1067 quibus
983 986 1068 1048 hano
1083 1007 1197 1052 vooem
1210 1000 1307 1071 poeta

60 1080 218 1164 adhibuit,
257 1083 471 1148 Romanarum
502 1105 581 1149 sane
602 1088 727 1152 aedium
750 1110 868 1154 morem
897 1091 1042 1172 produnt.
1092 1097 1128 1158 ln
1154 1099 1305 1162 convivio

62 1187 196 1252 Didonis
219 1192 244 1271 I,
267 1190 345 1253 725:

144 1299 202 1361 ll'tt
220 1304 372 1379 strepitur
395 1306 486 1363 teatio
507 1324 671 1384 uocemque
688 1326 748 1384 per
770 1309 876 1386 ampla
897 1311 1044 1372 volutarat

144 1410 250 1476 Atria.

66 1525 102 1586 In
123 1526 239 1589 Priami
262 1528 394 1591 aedibus
415 1537 506 1610 porta
528 1531 641 1590 exoisa
662 1529 703 1604 ΙΙ,
724 1526 806 1590 4833

144 1636 291 1713 Adparet
309 1641 420 1699 domur
441 1642 528 1698 intua
549 1644 582 1697 et
606 1641 690 1697 utria
718 1639 814 1712 lorqw
838 1645 1020 1715 patescant.

63 1744 170 1825 Atque
194 1763 288 1826 quum
311 1747 467 1809 columnis
488 1745 557 1807 atrii
580 1744 740 1825 laquearia
762 1755 797 1808 et
817 1753 904 1808 tenta
925 1746 1155 1826 saepenumero
1177 1755 1308 1809 susten-

63 1859 172 1913 tantur
193 1854 246 1916 vel
269 1864 427 1928 ornentur,
462 1854 605 1936 porticus
628 1852 722 1914 etiam
742 1853 898 1916 interdum
919 1853 960 1918 ad
981 1855 1061 1918 atria
1080 1853 1225 1918 audimus
1246 1853 1308 1917 ad-

62 1955 155 2022 ditas.
198 1959 246 2021 lta
268 1959 388 2020 Polites
408 1962 448 2032 u,
468 1959 547 2021 528:

147 2069 384 2131 Portr'er'lraa
406 2069 510 2145 lonqr'r
526 2071 616 2149 firqr't
633 2076 666 2129 et
684 2089 786 2130 oocua
807 2075 914 2131 atria
934 2071 1060 2133 luetrat.

64 2179 141 2260 xn,
163 2177 241 2241 4733

149 2289 255 2365 Niqra
275 2285 362 2346 uelut
380 2302 515 2360 magartae
536 2286 654 2344 domini
673 2304 745 2344 oum
766 2286 871 2345 dior'trir
894 2285 988 2346 aeder

147 2394 301 2455 Pervolat
320 2399 352 2454 et
368 2397 478 2470 pinnis
500 2394 565 2453 alta
586 2398 692 2453 atria
715 2395 834 2453 lustrat
855 2395 1004 2469 hirundo,

146 2502 270 2565 Pabula
289 2520 391 2578 parva
413 2501 521 2575 leqena
544 2502 690 2578 nidisque
710 2501 894 2579 loquacibus
916 2521 1019 2580 araas,

145 2611 193 2671 Et
211 2628 299 2670 uuna
317 2612 429 2686 porti
438 2609 552 2669 ailus
574 2613 695 2687 oaouto,
718 2626 805 2669 meua
826 2610 933 2670 umida
954 2614 1075 2670 atroam

147 2717 272 2796 Staqua
294 2726 395 2780 eoaat.

62 2823 120 2886 'ubi
130 2832 244 2907 stagna
254 2823 359 2887 umida
374 2844 514 2887 easesse
529 2843 638 2906 aquas,
655 2843 738 2905 quae
751 2823 781 2884 in
793 2824 962 2906 oompluvii
975 2824 1096 2888 labrum
1113 2826 1166 2888 vel
1179 2834 1308 2907 puteum

63 2933 196 3015 undant,
217 2934 279 2997 iam
300 2934 373 2996 olim
396 2934 525 2998 oouieoi.
569 2933 662 3011 Quae
683 2932 786 3008 labra,
821 2950 916 3013 quum
944 2952 1047 2996 aenea
1073 2934 1196 3016 possim
1217 2952 1303 3012 esso,

63 3051 161 3123 poeta
182 3043 320 3106 fortasse
342 3045 372 3104 in
393 3044 498 3106 animo
519 3042 628 3104 habuit
649 3042 740 3117 VIII,
759 3042 809 3106 ⁸22.
830 3043 990 3105 scribens:

147 3150 243 3213 Sicut
262 3171 363 3230 aquae
384 3151 551 3212 tremulum
572 3151 670 3211 labris
690 3151 745 3210 uli
765 3149 871 3210 lumen
892 3154 983 3211 aenio

146 3256 223 3320 Sole
243 3277 463 3335 repercussam
486 3265 544 3318 aut
562 3260 720 3319 radiantis
740 3262 878 3334 tmaqr'ne
899 3257 1013 3319 banaa

147 3365 262 3435 Omnia
281 3364 449 3441 pervolitat
468 3365 531 3423 late
551 3363 629 3441 looa,
652 3369 775 3442 tamque
795 3365 853 3424 eud
874 3382 973 3423 aaran

152 3474 304 3549 Eriqr‘tur
326 3474 503 3549 rrrmmr‘que
523 3473 601 3548 ferit
620 3470 784 3550 laquearia
806 3474 889 3530 tecti.

64 3578 336 3659 Laqueariaeuim
350 3577 518 3638 maioribus
542 3575 726 3655 praeserum
749 3576 902 3638 aedificiis
914 3579 1040 3658 propria
1061 3579 1305 3663 essevIdantur,

62 3698 160 3771 atque
181 3689 271 3750 atriis
293 3689 524 3768 coniunguntur
546 3687 642 3747 etiam
665 3687 691 3767 1,
713 3684 791 3747 725:
1312 3672 1317 3685 '

504 3795 678 3874 Vooemque
696 3814 756 3872 per
776 3794 882 3869 ampla
902 3795 1046 3854 uolutant

148 3903 262 3981 Atria,·
285 3903 461 3979 dependeat
481 3902 594 3980 lqctrrai
612 3902 887 3980 laquearibus
909 3905 1025 3962 aurata.

63 4013 109 4077 Ut
128 4010 289 4090 laquearia
310 4027 424 4091 aurea,
447 4009 491 4070 ita
512 4008 555 4085 Il,
575 4006 653 4071 4483
698 4080 700 4085 ,

145 4120 353 4197 Auratarqua
373 4119 490 4197 trader,
511 4122 650 4178 veterum
669 4116 781 4176 deeora
802 4115 868 4175 alta
885 4121 1056 4195 puerum

146 4227 329 4289 Daaoloout.

64 4333 116 4399 CI.
139 4332 208 4397 Col.
233 4329 289 4396 133

553 4512 556 4517 q
806 4438 847 4502 Si
866 4444 951 4503 attor
970 4445 1045 4504 aura·

144 4545 212 4612 Sul
233 4546 387 4626 laqueare
406 4545 518 4605 domur
539 4547 680 4619 ammam
701 4563 766 4607 aaa
784 4551 890 4626 tarrqtt
909 4568 1049 4611 avarum.

63 4653 215 4718 Ceterum
236 4653 396 4735 laquearia
415 4651 470 4713 vel
491 4659 578 4715 teuta
599 4654 747 4733 laqueata
767 4654 837 4718 aliis
858 4655 951 4718 etiam
968 4655 1183 4721 Romanorum
1202 4659 1306 4736 poeta

64 4770 258 4845 usurpantur
285 4782 318 4824 r.
354 4781 388 4846 g.
415 4762 520 4824 Ilnqu
546 4760 760 4825 Andromaola
790 4763 828 4827 ir.
857 4764 888 4827 4.
915 4763 1043 4844 (Both.)
1065 4783 1097 4827 u.
1122 4765 1173 4832 10.
1193 4766 1306 4836 Horat

112 4892 491 4943 muas-squammarum.
1054 4876 1099 4944 16
