3022 5234
575 245 631 306 De
661 247 744 311 iure
780 252 959 330 privato.
1323 261 1386 324 236

139 418 244 500 ripuit
287 421 389 486 Recte
409 425 472 485 lam
493 425 647 511 monitum
667 436 734 509 est,
771 450 875 513 neque
904 434 934 495 in
965 441 1050 513 acio,
1079 445 1184 502 neruo
1205 455 1384 523 correptam

139 545 228 607 esse,
249 528 307 590 sed
329 549 386 610 per
406 534 576 614 syniuesia
597 539 827 616 pronuntiatam
848 541 951 603 fuisse
963 545 1129 626 syllabam.
1164 547 1278 626 Quid‘l
1299 551 1383 632 quod

136 624 176 694 ln
190 639 328 712 rponrleo
349 656 476 722 quoque
495 661 552 722 per
575 645 742 725 syuizcsin
763 653 967 729 pronuntiata
990 655 1066 733 fuit,
1100 657 1180 720 elisa
1208 658 1312 723 littera
1341 663 1380 742 ll,

109 770 112 775 ·
136 744 400 822 quemadmodum
422 749 452 809 in
475 770 574 811 aurea
595 753 621 828 1,
642 752 724 817 698:

218 852 329 915 Aurea
348 862 516 932 conposuit
533 861 655 936 spriada
675 865 872 945 mutamque
891 869 1016 932 boante

137 960 171 1023 in
191 981 289 1022 aureo
311 964 355 1045 X,
380 963 457 1029 tter

219 1070 281 1130 Hic
298 1076 374 1149 ficia
392 1076 494 1153 fandi.
511 1062 602 1140 Solio
623 1087 690 1141 tum
710 1083 855 1161 Iuppiter
876 1104 973 1146 arrrec

138 1212 144 1218 ·
221 1176 345 1256 Serpit.

135 1283 166 1345 in
188 1287 276 1346 aleco
298 1287 376 1367 Vll,
397 1284 460 1352 88:

216 1393 378 1456 Adsuelae
399 1401 479 1475 ripia
499 1397 647 1460 volucres
666 1408 700 1460 et
715 1405 857 1479 fluminis
878 1403 978 1464 alcen.

135 1502 210 1570 Vll,
235 1501 317 1566 303:

360 1613 473 1689 Optato
495 1614 676 1676 occiduntur
700 1616 866 1696 Thybridis
888 1619 985 1679 atreo.

132 1716 165 1778 in
186 1717 375 1780 Menestheo
398 1722 441 1796 X,
461 1722 538 1784 ⁷64:

215 1827 286 1888 Nec
309 1828 411 1907 clyto
429 1834 707 1914 cerritanensium,
730 1832 789 1894 'tter
806 1837 912 1912 fratre
933 1837 1131 1903 Menesthea.

132 1931 164 1992 in
184 1933 287 1993 Nerei
304 1935 345 2006 X,
369 1935 447 1997 ⁷64:

215 2043 295 2103 Cum
314 2046 411 2120 pedea
431 2047 550 2105 incedit
569 2049 663 2108 media·
681 2067 741 2124 per
761 2068 915 2110 marcum
935 2051 1037 2111 Nerei

138 2149 141 2153 ’
214 2153 340 2230 &cyrae
361 2160 444 2215 eiam
464 2158 624 2217 scindens.

131 2257 163 2320 iu
182 2262 296 2321 debinc
319 2263 345 2338 l,
366 2261 444 2325 256:

216 2370 337 2431 Oscula
359 2370 467 2430 litavit
485 2375 591 2451 name,
611 2371 727 2433 deliine
748 2374 827 2433 talin
844 2377 946 2454 futur.

132 2479 167 2539 in
183 2480 297 2540 deinde
317 2479 357 2554 ll,
377 2479 455 2543 out:

136 2613 140 2621 ·
214 2595 268 2652 Da
290 2593 401 2652 deinde
415 2593 594 2672 cumdium,
612 2601 719 2675 paler,
742 2595 844 2673 adque
863 2594 944 2657 haec
964 2598 1071 2655 amicta
1088 2575 1193 2674 firma.

130 2714 262 2778 Revera
285 2717 381 2799 igitur
405 2718 564 2779 Ascanius
587 2717 720 2779 formula
742 2716 818 2778 iuris
839 2735 917 2778 usus
941 2726 1010 2780 est:
1042 2718 1205 2803 Sponden,
1235 2722 1318 2804 quod
1342 2732 1376 2785 et

131 2825 162 2886 in
184 2826 253 2889 aliis
281 2828 537 2909 stipulationibus
569 2848 601 2889 v.
623 2845 653 2910 g.
675 2827 865 2907 nuptialibus
887 2828 1017 2889 verbum
1039 2828 1278 2892 usitatissimum
1300 2839 1377 2893 erat.

213 2936 269 2999 111.
311 2935 615 3018 Quantoperevero
645 2936 810 3018 Vergilius
831 2937 1009 3000 consentiat
1031 2955 1102 3000 cum
1124 2937 1175 3018 iis,
1197 2956 1279 3021 quae
1306 2938 1377 3001 llo-

131 3063 226 3108 mann
249 3047 317 3105 iure
339 3052 412 3107 sunt
432 3053 562 3128 statuta,
586 3042 685 3107 videri
708 3051 814 3127 potest
836 3043 930 3105 etiam
953 3063 995 3105 ex
1017 3045 1066 3118 iis,
1092 3063 1173 3124 qliae
1195 3043 1234 3106 ad
1250 3044 1376 3123 nuptias

129 3153 300 3233 pertinent.
341 3152 392 3215 liu
415 3151 476 3215 huc
497 3153 578 3215 enim
599 3155 790 3214 connubium
819 3153 931 3213 stabile
958 3153 1039 3213 Aen.
1069 3153 1102 3226 Ι,
1132 3150 1183 3212 72.
1225 3151 1276 3229 ll,
1303 3151 1376 3214 678.

130 3258 297 3341 tv,1eo.,
322 3280 363 3322 ex
387 3258 498 3325 eodem
522 3260 712 3340 vituperium
736 3267 786 3321 cst
808 3259 1040 3338 exputandum,
1070 3277 1132 3340 quo
1154 3259 1283 3336 nuptiae
1304 3277 1375 3321 cum

129 3367 308 3450 peregrinis
330 3376 478 3431 notantur
488 3386 519 3429 v.
531 3368 629 3452 guv,
642 3366 710 3431 103.
735 3367 911 3446 Praecipue
932 3385 1011 3427 vero
1034 3365 1294 3431 consuetudinem
1306 3369 1376 3432 La-

94 3478 99 3489 '
129 3475 225 3535 tinam
246 3475 278 3536 in
299 3475 335 3535 iis
355 3474 509 3548 servavit,
534 3491 617 3554 quae
638 3471 678 3533 ad
701 3472 982 3552 dotempertinent.
1006 3471 1130 3553 Quippe
1142 3475 1370 3559 unusquisque,

131 3585 184 3662 qui
206 3582 342 3645 Romani
363 3582 439 3642 iuris
461 3579 692 3642 institutionum
715 3597 777 3639 nnn
796 3578 920 3639 omniuo
936 3587 986 3639 est
1003 3580 1141 3654 nescius,
1163 3600 1223 3642 uon
1238 3583 1376 3663 ignorat,

129 3687 236 3749 dotem
272 3689 393 3749 maritis
432 3689 471 3750 ab
507 3706 639 3749 uxorum
675 3686 813 3767 patribus
841 3685 917 3747 dari.
970 3688 1048 3748 luno
1078 3688 1119 3750 ad
1149 3688 1310 3754 Veneram
1333 3690 1376 3754 de

128 3794 256 3857 Didone
278 3799 411 3858 Aeneae
435 3796 571 3857 nubente
593 3795 654 3872 tv,
677 3795 754 3857 103:

467 3904 582 3964 Liceat
601 3903 744 3982 Pbryyr'c
765 3906 885 3963 aer-cire
906 3904 1036 3982 ruarito,

141 4082 144 4087 ,
210 4011 438 4090 Dolaliaque
459 4019 533 4072 tuae
560 4011 671 4090 diarius
689 4015 873 4090 permittere
896 4011 1039 4073 dextrae.

126 4120 217 4200 Tyrii
248 4120 345 4200 igitur
374 4118 436 4179 sirit
468 4116 527 4181 dos
556 4118 689 4180 Aeneae
721 4119 774 4179 vel
804 4117 872 4178 eius
893 4117 984 4178 matri
1005 4136 1025 4178 a
1049 4115 1171 4181 Didone
1194 4119 1248 4181 vel
1270 4119 1369 4183 tutela

126 4231 208 4299 eius,
232 4228 361 4305 lunone,
385 4226 497 4291 danda.
515 4277 520 4291 .
539 4229 607 4288 Des
636 4227 733 4310 igitur
762 4226 854 4287 datur
882 4245 903 4287 a
932 4226 1060 4288 muliere
1088 4227 1200 4289 marito
1222 4245 1264 4288 ex
1286 4245 1373 4289 more

125 4332 283 4413 Romano.
324 4334 372 4395 lta
395 4333 475 4395 uiuo
498 4335 631 4399 Aeneae
650 4331 764 4395 scribit
784 4329 868 4416 apud
892 4331 984 4413 Ouid
1006 4331 1140 4396 Heroid.
1162 4332 1241 4415 vlt,
1265 4331 1340 4395 lto:

209 4440 281 4500 Hos
300 4439 404 4519 potius
425 4439 560 4520 populos
584 4440 621 4500 in
645 4438 775 4501 dotem
796 4439 931 4521 ambage
951 4439 1088 4507 remissa

250 4547 373 4628 Accipe
395 4555 428 4610 et
446 4545 604 4613 advectas
626 4548 845 4632 Pygmalionis
866 4566 955 4634 opes.

126 4650 222 4716 Ovid.
245 4653 376 4718 Metam.
398 4654 457 4735 lV,
479 4651 558 4718 ⁷05:

208 4761 581 4846 promittuntque-super
603 4780 769 4848 reguum
793 4760 932 4825 dotale
954 4768 1112 4841 parentes.
