<?xml version="1.0" encoding="UTF-8"?>
<!DOCTYPE html PUBLIC "-//W3C//DTD XHTML 1.0 Transitional//EN"
    "http://www.w3.org/TR/xhtml1/DTD/xhtml1-transitional.dtd">
<html xmlns="http://www.w3.org/1999/xhtml" xml:lang="en" lang="en">
 <head>
  <title>
</title>
<meta http-equiv="Content-Type" content="text/html;charset=utf-8" />
  <meta name='ocr-system' content='tesseract 3.04.00' />
  <meta name='ocr-capabilities' content='ocr_page ocr_carea ocr_par ocr_line ocrx_word'/>
</head>
<body>
  <div class='ocr_page' id='page_1' title='image "./antiquitatesver00lersgoog_0035.png"; bbox 0 0 3022 5234; ppageno 0'>
   <div class='ocr_carea' id='block_1_1' title="bbox 458 228 1017 310">
    <p class='ocr_par' dir='ltr' id='par_1_1' title="bbox 458 228 1017 310">
     <span class='ocr_line' id='line_1_1' title="bbox 458 228 1017 310; baseline 0.004 -20"><span class='ocrx_word' id='word_1_1' title='bbox 458 230 517 290; x_wconf 89' lang='lat' dir='ltr'><strong>De</strong></span> <span class='ocrx_word' id='word_1_2' title='bbox 544 228 779 310; x_wconf 81' lang='lat' dir='ltr'><strong>quaesitore</strong></span> <span class='ocrx_word' id='word_1_3' title='bbox 809 237 847 290; x_wconf 90' lang='lat' dir='ltr'><strong>et</strong></span> <span class='ocrx_word' id='word_1_4' title='bbox 868 229 1017 292; x_wconf 86' lang='lat' dir='ltr'><strong>iudice.</strong></span> 
     </span>
    </p>
   </div>
   <div class='ocr_carea' id='block_1_2' title="bbox 214 411 1121 704">
    <p class='ocr_par' dir='ltr' id='par_1_2' title="bbox 214 411 1121 704">
     <span class='ocr_line' id='line_1_2' title="bbox 216 411 1121 487; baseline -0.001 -15"><span class='ocrx_word' id='word_1_5' title='bbox 216 412 286 472; x_wconf 90' lang='lat' dir='ltr'><strong>Nec</strong></span> <span class='ocrx_word' id='word_1_6' title='bbox 307 431 379 471; x_wconf 84' lang='lat' dir='ltr'><strong>cero</strong></span> <span class='ocrx_word' id='word_1_7' title='bbox 401 411 462 470; x_wconf 77' lang='lat' dir='ltr'><strong>liae</strong></span> <span class='ocrx_word' id='word_1_8' title='bbox 483 415 658 473; x_wconf 74' lang='lat' dir='ltr'><strong>cinctoria</strong></span> <span class='ocrx_word' id='word_1_9' title='bbox 678 415 870 487; x_wconf 65' lang='lat' dir='ltr'><strong>actuariae</strong></span> <span class='ocrx_word' id='word_1_10' title='bbox 890 416 994 474; x_wconf 84' lang='lat' dir='ltr'><strong>iudice</strong></span> <span class='ocrx_word' id='word_1_11' title='bbox 1014 417 1121 474; x_wconf 80' lang='lat' dir='ltr'><strong>certor:</strong></span> 
     </span>
     <span class='ocr_line' id='line_1_3' title="bbox 217 517 1090 596; baseline 0.001 -18"><span class='ocrx_word' id='word_1_12' title='bbox 217 517 432 592; x_wconf 70' lang='lat' dir='ltr'><em>Quaesitor</em></span> <span class='ocrx_word' id='word_1_13' title='bbox 452 517 562 577; x_wconf 82' lang='lat' dir='ltr'><strong>Minos</strong></span> <span class='ocrx_word' id='word_1_14' title='bbox 582 537 696 579; x_wconf 85' lang='lat' dir='ltr'><strong>urnam</strong></span> <span class='ocrx_word' id='word_1_15' title='bbox 718 525 838 596; x_wconf 85' lang='lat' dir='ltr'><strong>mooet;</strong></span> <span class='ocrx_word' id='word_1_16' title='bbox 865 519 920 579; x_wconf 87' lang='lat' dir='ltr'><strong>illc</strong></span> <span class='ocrx_word' id='word_1_17' title='bbox 941 520 1090 580; x_wconf 86' lang='lat' dir='ltr'><strong>silentum</strong></span> 
     </span>
     <span class='ocr_line' id='line_1_4' title="bbox 214 623 1066 704; baseline 0.005 -20"><span class='ocrx_word' id='word_1_18' title='bbox 214 623 450 704; x_wconf 64' lang='lat' dir='ltr'><em>conciliumque</em></span> <span class='ocrx_word' id='word_1_19' title='bbox 470 633 564 686; x_wconf 87' lang='lat' dir='ltr'><strong>occat</strong></span> <span class='ocrx_word' id='word_1_20' title='bbox 582 630 725 704; x_wconf 81' lang='lat' dir='ltr'><strong>vitasque</strong></span> <span class='ocrx_word' id='word_1_21' title='bbox 744 632 777 686; x_wconf 85' lang='lat' dir='ltr'><strong>et</strong></span> <span class='ocrx_word' id='word_1_22' title='bbox 796 628 930 687; x_wconf 82' lang='lat' dir='ltr'><strong>crimina</strong></span> <span class='ocrx_word' id='word_1_23' title='bbox 959 631 1066 688; x_wconf 77' lang='lat' dir='ltr'><strong>discit.</strong></span> 
     </span>
    </p>
   </div>
   <div class='ocr_carea' id='block_1_3' title="bbox 133 754 1378 1056">
    <p class='ocr_par' dir='ltr' id='par_1_3' title="bbox 133 754 1378 1056">
     <span class='ocr_line' id='line_1_5' title="bbox 134 754 1376 839; baseline 0.003 -23"><span class='ocrx_word' id='word_1_24' title='bbox 134 775 234 838; x_wconf 87' lang='lat' dir='ltr'><strong>neque</strong></span> <span class='ocrx_word' id='word_1_25' title='bbox 256 756 350 820; x_wconf 80' lang='lat' dir='ltr'><strong>haur.</strong></span> <span class='ocrx_word' id='word_1_26' title='bbox 371 755 456 836; x_wconf 77' lang='lat' dir='ltr'><strong>Lydi</strong></span> <span class='ocrx_word' id='word_1_27' title='bbox 477 754 518 818; x_wconf 90' lang='lat' dir='ltr'><strong>de</strong></span> <span class='ocrx_word' id='word_1_28' title='bbox 538 774 622 839; x_wconf 82' lang='lat' dir='ltr'><strong>mag.</strong></span> <span class='ocrx_word' id='word_1_29' title='bbox 646 758 672 837; x_wconf 91' lang='lat' dir='ltr'><strong>l,</strong></span> <span class='ocrx_word' id='word_1_30' title='bbox 694 758 744 818; x_wconf 80' lang='lat'><strong>25.</strong></span> <span class='ocrx_word' id='word_1_31' title='bbox 766 757 845 818; x_wconf 81' lang='lat' dir='ltr'><strong>futili</strong></span> <span class='ocrx_word' id='word_1_32' title='bbox 869 759 1082 838; x_wconf 82' lang='lat' dir='ltr'><strong>explicatione</strong></span> <span class='ocrx_word' id='word_1_33' title='bbox 1098 766 1131 820; x_wconf 90' lang='lat' dir='ltr'><strong>te</strong></span> <span class='ocrx_word' id='word_1_34' title='bbox 1150 758 1315 824; x_wconf 88' lang='lat' dir='ltr'><strong>seductum</strong></span> <span class='ocrx_word' id='word_1_35' title='bbox 1340 761 1376 820; x_wconf 93' lang='lat' dir='ltr'><strong>iri</strong></span> 
     </span>
     <span class='ocr_line' id='line_1_6' title="bbox 134 854 1376 951; baseline 0.002 -27"><span class='ocrx_word' id='word_1_36' title='bbox 134 867 236 951; x_wconf 90' lang='lat' dir='ltr'><strong>sines,</strong></span> <span class='ocrx_word' id='word_1_37' title='bbox 260 865 398 944; x_wconf 89' lang='lat' dir='ltr'><strong>quirem</strong></span> <span class='ocrx_word' id='word_1_38' title='bbox 422 864 545 924; x_wconf 88' lang='lat' dir='ltr'><strong>omnino</strong></span> <span class='ocrx_word' id='word_1_39' title='bbox 567 865 598 924; x_wconf 93' lang='lat' dir='ltr'><strong>iu</strong></span> <span class='ocrx_word' id='word_1_40' title='bbox 620 864 810 925; x_wconf 89' lang='lat' dir='ltr'><strong>contrarium</strong></span> <span class='ocrx_word' id='word_1_41' title='bbox 824 865 937 928; x_wconf 86' lang='lat' dir='ltr'><strong>vertit:</strong></span> <span class='ocrx_word' id='word_1_42' title='bbox 979 859 1125 949; x_wconf 76' lang='grc' dir='ltr'><strong><em>Ζητῆσαι</em></strong></span> <span class='ocrx_word' id='word_1_43' title='bbox 1146 860 1183 926; x_wconf 80' lang='grc' dir='ltr'><strong>δὲ</strong></span> <span class='ocrx_word' id='word_1_44' title='bbox 1204 854 1376 946; x_wconf 73' lang='grc' dir='ltr'><strong><em>ἀξιόλογον</em></strong></span> 
     </span>
     <span class='ocr_line' id='line_1_7' title="bbox 133 959 1378 1056; baseline 0.002 -25"><span class='ocrx_word' id='word_1_45' title='bbox 133 959 216 1032; x_wconf 84' lang='grc' dir='ltr'><strong><em>εἶναι</em></strong></span> <span class='ocrx_word' id='word_1_46' title='bbox 237 966 368 1050; x_wconf 81' lang='grc' dir='ltr'><em>νομίζω,</em></span> <span class='ocrx_word' id='word_1_47' title='bbox 389 967 422 1032; x_wconf 86' lang='lat' dir='ltr'><strong>ci</strong></span> <span class='ocrx_word' id='word_1_48' title='bbox 441 967 502 1051; x_wconf 82' lang='grc' dir='ltr'><strong>μέν</strong></span> <span class='ocrx_word' id='word_1_49' title='bbox 522 966 591 1032; x_wconf 79' lang='grc' dir='ltr'><strong><em>ἐστι</em></strong></span> <span class='ocrx_word' id='word_1_50' title='bbox 613 967 837 1056; x_wconf 62' lang='lat' dir='ltr'><strong>adulatioque*</strong></span> <span class='ocrx_word' id='word_1_51' title='bbox 858 968 896 1034; x_wconf 79' lang='grc' dir='ltr'><strong>δὲ</strong></span> <span class='ocrx_word' id='word_1_52' title='bbox 918 967 1092 1056; x_wconf 72' lang='lat' dir='ltr'><strong>conculcato</strong></span> <span class='ocrx_word' id='word_1_53' title='bbox 1108 1005 1148 1015; x_wconf 89' lang='lat'>-</span> <span class='ocrx_word' id='word_1_54' title='bbox 1160 1007 1197 1017; x_wconf 90' lang='lat'>-</span> <span class='ocrx_word' id='word_1_55' title='bbox 1213 969 1378 1056; x_wconf 75' lang='grc' dir='ltr'><strong><em>κοαίοτωο</em></strong></span> 
     </span>
    </p>
   </div>
   <div class='ocr_carea' id='block_1_4' title="bbox 131 1066 1380 1918">
    <p class='ocr_par' dir='ltr' id='par_1_4' title="bbox 131 1066 1380 1918">
     <span class='ocr_line' id='line_1_8' title="bbox 131 1066 1379 1164; baseline 0.001 -25"><span class='ocrx_word' id='word_1_56' title='bbox 131 1075 237 1141; x_wconf 81' lang='grc' dir='ltr'><strong><em>τοίνυν</em></strong></span> <span class='ocrx_word' id='word_1_57' title='bbox 258 1069 276 1140; x_wconf 83' lang='grc' dir='ltr'>ὁ</span> <span class='ocrx_word' id='word_1_58' title='bbox 298 1066 445 1162; x_wconf 73' lang='grc' dir='ltr'><strong>ζητητής,</strong></span> <span class='ocrx_word' id='word_1_59' title='bbox 466 1067 534 1141; x_wconf 77' lang='lat' dir='ltr'><strong>circii</strong></span> <span class='ocrx_word' id='word_1_60' title='bbox 554 1077 613 1140; x_wconf 83' lang='grc' dir='ltr'><strong>νοῦ</strong></span> <span class='ocrx_word' id='word_1_61' title='bbox 635 1102 787 1162; x_wconf 83' lang='lat' dir='ltr'><strong>quaerere</strong></span> <span class='ocrx_word' id='word_1_62' title='bbox 810 1068 877 1142; x_wconf 86' lang='grc' dir='ltr'><strong><em>οἷον</em></strong></span> <span class='ocrx_word' id='word_1_63' title='bbox 897 1075 1038 1164; x_wconf 79' lang='grc' dir='ltr'><strong><em>ἐρεννᾷν·</em></strong></span> <span class='ocrx_word' id='word_1_64' title='bbox 1062 1074 1094 1141; x_wconf 84' lang='grc' dir='ltr'><strong>οἱ</strong></span> <span class='ocrx_word' id='word_1_65' title='bbox 1114 1069 1176 1164; x_wconf 70' lang='lat' dir='ltr'><strong>yolo</strong></span> <span class='ocrx_word' id='word_1_66' title='bbox 1205 1077 1285 1163; x_wconf 79' lang='grc' dir='ltr'><em>παρ’</em></span> <span class='ocrx_word' id='word_1_67' title='bbox 1300 1070 1379 1140; x_wconf 76' lang='lat' dir='ltr'><strong>‘&#39;Et-</strong></span> 
     </span>
     <span class='ocr_line' id='line_1_9' title="bbox 132 1175 1377 1273; baseline 0.002 -26"><span class='ocrx_word' id='word_1_68' title='bbox 132 1184 223 1271; x_wconf 76' lang='lat' dir='ltr'><strong>iqocu</strong></span> <span class='ocrx_word' id='word_1_69' title='bbox 243 1177 413 1273; x_wconf 75' lang='grc' dir='ltr'><strong><em>ἐρεονοέὃες</em></strong></span> <span class='ocrx_word' id='word_1_70' title='bbox 435 1178 526 1270; x_wconf 73' lang='lat' dir='ltr'><strong>unqu</strong></span> <span class='ocrx_word' id='word_1_71' title='bbox 547 1176 722 1267; x_wconf 80' lang='grc' dir='ltr'><strong><em>Ῥωμαίοις</em></strong></span> <span class='ocrx_word' id='word_1_72' title='bbox 741 1183 941 1272; x_wconf 78' lang='grc' dir='ltr'><strong><em>κυαίστωρες</em></strong></span> <span class='ocrx_word' id='word_1_73' title='bbox 971 1175 1219 1270; x_wconf 67' lang='grc' dir='ltr'><strong><em>ὠνομάσθησαν.</em></strong></span> <span class='ocrx_word' id='word_1_74' title='bbox 1248 1183 1377 1250; x_wconf 82' lang='lat' dir='ltr'><strong>acucul-</strong></span> 
     </span>
     <span class='ocr_line' id='line_1_10' title="bbox 132 1282 1380 1380; baseline 0.002 -25"><span class='ocrx_word' id='word_1_75' title='bbox 132 1316 199 1379; x_wconf 78' lang='grc' dir='ltr'><strong>τωρ</strong></span> <span class='ocrx_word' id='word_1_76' title='bbox 220 1291 257 1356; x_wconf 79' lang='grc' dir='ltr'><strong>δὲ</strong></span> <span class='ocrx_word' id='word_1_77' title='bbox 280 1284 298 1357; x_wconf 86' lang='grc' dir='ltr'>ὁ</span> <span class='ocrx_word' id='word_1_78' title='bbox 319 1282 564 1377; x_wconf 80' lang='grc' dir='ltr'><strong><em>νιμωρός--</em></strong></span> <span class='ocrx_word' id='word_1_79' title='bbox 585 1289 642 1355; x_wconf 79' lang='grc' dir='ltr'><strong>ἐπὶ</strong></span> <span class='ocrx_word' id='word_1_80' title='bbox 661 1287 722 1379; x_wconf 71' lang='grc' dir='ltr'><strong>γάρ</strong></span> <span class='ocrx_word' id='word_1_81' title='bbox 744 1293 802 1356; x_wconf 83' lang='grc' dir='ltr'><strong>τοῦ</strong></span> <span class='ocrx_word' id='word_1_82' title='bbox 821 1282 920 1374; x_wconf 83' lang='grc' dir='ltr'>μόνου</span> <span class='ocrx_word' id='word_1_83' title='bbox 941 1288 1076 1367; x_wconf 79' lang='grc' dir='ltr'><strong><em>Μίνωος</em></strong></span> <span class='ocrx_word' id='word_1_84' title='bbox 1096 1289 1157 1356; x_wconf 80' lang='grc' dir='ltr'><strong>τοῦ</strong></span> <span class='ocrx_word' id='word_1_85' title='bbox 1178 1282 1317 1380; x_wconf 74' lang='grc' dir='ltr'><strong><em>Κρητός,</em></strong></span> <span class='ocrx_word' id='word_1_86' title='bbox 1342 1287 1380 1368; x_wconf 82' lang='grc' dir='ltr'><strong>ὀς</strong></span> 
     </span>
     <span class='ocr_line' id='line_1_11' title="bbox 132 1390 1375 1489; baseline 0 -25"><span class='ocrx_word' id='word_1_87' title='bbox 132 1422 169 1487; x_wconf 72' lang='grc' dir='ltr'><strong>γε</strong></span> <span class='ocrx_word' id='word_1_88' title='bbox 184 1400 284 1464; x_wconf 68' lang='lat' dir='ltr'><strong>iodea</strong></span> <span class='ocrx_word' id='word_1_89' title='bbox 305 1394 448 1489; x_wconf 77' lang='grc' dir='ltr'><strong><em>τιμωρός</em></strong></span> <span class='ocrx_word' id='word_1_90' title='bbox 467 1391 550 1462; x_wconf 77' lang='lat' dir='ltr'><strong>uacci</strong></span> <span class='ocrx_word' id='word_1_91' title='bbox 572 1390 610 1464; x_wconf 77' lang='grc' dir='ltr'><strong>τό</strong></span> <span class='ocrx_word' id='word_1_92' title='bbox 631 1392 772 1481; x_wconf 65' lang='lat' dir='ltr'><strong>trudanda</strong></span> <span class='ocrx_word' id='word_1_93' title='bbox 793 1399 856 1464; x_wconf 79' lang='grc' dir='ltr'><strong>τῶν</strong></span> <span class='ocrx_word' id='word_1_94' title='bbox 878 1397 911 1464; x_wconf 75' lang='grc' dir='ltr'><strong>ἐν</strong></span> <span class='ocrx_word' id='word_1_95' title='bbox 925 1391 1043 1464; x_wconf 63' lang='grc' dir='ltr'><strong>ζἈιδου</strong></span> <span class='ocrx_word' id='word_1_96' title='bbox 1065 1398 1179 1489; x_wconf 75' lang='grc' dir='ltr'><strong><em>ψυχῶν</em></strong></span> <span class='ocrx_word' id='word_1_97' title='bbox 1201 1396 1375 1487; x_wconf 69' lang='grc' dir='ltr'><strong><em>ἐνομίσθη,</em></strong></span> 
     </span>
     <span class='ocr_line' id='line_1_12' title="bbox 133 1500 1379 1596; baseline 0 -23"><span class='ocrx_word' id='word_1_98' title='bbox 133 1504 171 1574; x_wconf 78' lang='grc' dir='ltr'><strong>τό</strong></span> <span class='ocrx_word' id='word_1_99' title='bbox 192 1509 403 1596; x_wconf 73' lang='grc' dir='ltr'><strong><em>κοαισίνωρος</em></strong></span> <span class='ocrx_word' id='word_1_100' title='bbox 424 1501 525 1590; x_wconf 79' lang='grc' dir='ltr'><strong><em>ὄνομα</em></strong></span> <span class='ocrx_word' id='word_1_101' title='bbox 546 1501 565 1573; x_wconf 84' lang='grc' dir='ltr'>ὁ</span> <span class='ocrx_word' id='word_1_102' title='bbox 587 1501 756 1591; x_wconf 83' lang='grc' dir='ltr'><strong><em>Ῥωμαίων</em></strong></span> <span class='ocrx_word' id='word_1_103' title='bbox 784 1500 925 1596; x_wconf 72' lang='grc' dir='ltr'><strong><em>ποιητής</em></strong></span> <span class='ocrx_word' id='word_1_104' title='bbox 952 1505 985 1572; x_wconf 82' lang='grc' dir='ltr'><strong>ἐν</strong></span> <span class='ocrx_word' id='word_1_105' title='bbox 1016 1505 1100 1592; x_wconf 74' lang='grc' dir='ltr'><em>ἕκτῳ</em></span> <span class='ocrx_word' id='word_1_106' title='bbox 1126 1509 1185 1594; x_wconf 82' lang='grc' dir='ltr'><strong>τῆς</strong></span> <span class='ocrx_word' id='word_1_107' title='bbox 1219 1503 1379 1594; x_wconf 78' lang='grc' dir='ltr'><strong><em>Αἰνηΐδος</em></strong></span> 
     </span>
     <span class='ocr_line' id='line_1_13' title="bbox 131 1608 1379 1706; baseline 0.004 -28"><span class='ocrx_word' id='word_1_108' title='bbox 131 1614 289 1681; x_wconf 71' lang='grc' dir='ltr'><strong><em>τέθεικεν.</em></strong></span> <span class='ocrx_word' id='word_1_109' title='bbox 329 1625 427 1683; x_wconf 88' lang='lat' dir='ltr'><strong>Immo</strong></span> <span class='ocrx_word' id='word_1_110' title='bbox 450 1623 614 1702; x_wconf 82' lang='lat' dir='ltr'><strong>quaesitor</strong></span> <span class='ocrx_word' id='word_1_111' title='bbox 635 1631 686 1683; x_wconf 85' lang='lat' dir='ltr'><strong>est</strong></span> <span class='ocrx_word' id='word_1_112' title='bbox 708 1608 862 1706; x_wconf 76' lang='grc' dir='ltr'><strong>ζητητής,</strong></span> <span class='ocrx_word' id='word_1_113' title='bbox 884 1632 916 1684; x_wconf 91' lang='lat' dir='ltr'><strong>ut</strong></span> <span class='ocrx_word' id='word_1_114' title='bbox 937 1641 956 1681; x_wconf 90' lang='lat' dir='ltr'><strong>e</strong></span> <span class='ocrx_word' id='word_1_115' title='bbox 977 1622 1126 1682; x_wconf 88' lang='lat' dir='ltr'><strong>versibus</strong></span> <span class='ocrx_word' id='word_1_116' title='bbox 1150 1622 1208 1682; x_wconf 92' lang='lat' dir='ltr'><strong>illis</strong></span> <span class='ocrx_word' id='word_1_117' title='bbox 1235 1622 1379 1685; x_wconf 87' lang='lat' dir='ltr'><strong>luculen-</strong></span> 
     </span>
     <span class='ocr_line' id='line_1_14' title="bbox 133 1727 1378 1811; baseline 0.002 -23"><span class='ocrx_word' id='word_1_118' title='bbox 133 1738 182 1789; x_wconf 87' lang='lat' dir='ltr'><strong>ter</strong></span> <span class='ocrx_word' id='word_1_119' title='bbox 203 1739 343 1808; x_wconf 87' lang='lat' dir='ltr'><strong>apparet.</strong></span> <span class='ocrx_word' id='word_1_120' title='bbox 386 1729 442 1790; x_wconf 88' lang='lat' dir='ltr'><strong>lile</strong></span> <span class='ocrx_word' id='word_1_121' title='bbox 461 1748 576 1789; x_wconf 79' lang='lat' dir='ltr'><strong>terrram</strong></span> <span class='ocrx_word' id='word_1_122' title='bbox 596 1737 713 1809; x_wconf 81' lang='lat' dir='ltr'><strong>movet,</strong></span> <span class='ocrx_word' id='word_1_123' title='bbox 737 1727 820 1808; x_wconf 92' lang='lat' dir='ltr'><strong>quod</strong></span> <span class='ocrx_word' id='word_1_124' title='bbox 843 1729 883 1789; x_wconf 91' lang='lat' dir='ltr'><strong>ab</strong></span> <span class='ocrx_word' id='word_1_125' title='bbox 905 1729 974 1790; x_wconf 88' lang='lat' dir='ltr'><strong>aliis</strong></span> <span class='ocrx_word' id='word_1_126' title='bbox 996 1729 1055 1788; x_wconf 89' lang='lat' dir='ltr'><strong>iam</strong></span> <span class='ocrx_word' id='word_1_127' title='bbox 1073 1739 1161 1791; x_wconf 86' lang='lat' dir='ltr'><strong>recte</strong></span> <span class='ocrx_word' id='word_1_128' title='bbox 1183 1731 1378 1811; x_wconf 84' lang='lat' dir='ltr'><strong>explicatum</strong></span> 
     </span>
     <span class='ocr_line' id='line_1_15' title="bbox 133 1835 1377 1918; baseline -0.001 -19"><span class='ocrx_word' id='word_1_129' title='bbox 133 1845 203 1914; x_wconf 88' lang='lat' dir='ltr'><strong>est,</strong></span> <span class='ocrx_word' id='word_1_130' title='bbox 231 1835 351 1896; x_wconf 88' lang='lat' dir='ltr'><strong>iudices</strong></span> <span class='ocrx_word' id='word_1_131' title='bbox 373 1838 520 1918; x_wconf 84' lang='lat' dir='ltr'><strong>sortitur,</strong></span> <span class='ocrx_word' id='word_1_132' title='bbox 553 1837 594 1898; x_wconf 90' lang='lat' dir='ltr'><strong>ad</strong></span> <span class='ocrx_word' id='word_1_133' title='bbox 617 1856 709 1918; x_wconf 90' lang='lat' dir='ltr'><strong>quam</strong></span> <span class='ocrx_word' id='word_1_134' title='bbox 732 1837 930 1899; x_wconf 88' lang='lat' dir='ltr'><strong>sortitionem</strong></span> <span class='ocrx_word' id='word_1_135' title='bbox 951 1856 1084 1900; x_wconf 86' lang='lat' dir='ltr'><strong>versus:</strong></span> <span class='ocrx_word' id='word_1_136' title='bbox 1127 1839 1197 1899; x_wconf 83' lang='lat' dir='ltr'><strong>Nec</strong></span> <span class='ocrx_word' id='word_1_137' title='bbox 1220 1859 1292 1899; x_wconf 84' lang='lat' dir='ltr'><strong>aero</strong></span> <span class='ocrx_word' id='word_1_138' title='bbox 1315 1840 1377 1898; x_wconf 79' lang='lat' dir='ltr'><strong>liae</strong></span> 
     </span>
    </p>
   </div>
   <div class='ocr_carea' id='block_1_5' title="bbox 131 1945 1377 2114">
    <p class='ocr_par' dir='ltr' id='par_1_5' title="bbox 131 1945 1377 2114">
     <span class='ocr_line' id='line_1_16' title="bbox 131 1945 1377 2031; baseline 0 -27"><span class='ocrx_word' id='word_1_139' title='bbox 131 1949 201 2004; x_wconf 82' lang='lat' dir='ltr'><strong>stuc</strong></span> <span class='ocrx_word' id='word_1_140' title='bbox 225 1946 310 2003; x_wconf 80' lang='lat' dir='ltr'><strong>carte</strong></span> <span class='ocrx_word' id='word_1_141' title='bbox 340 1945 450 2025; x_wconf 82' lang='lat' dir='ltr'><strong>datae,</strong></span> <span class='ocrx_word' id='word_1_142' title='bbox 482 1949 552 2006; x_wconf 83' lang='lat' dir='ltr'><strong>siue</strong></span> <span class='ocrx_word' id='word_1_143' title='bbox 582 1949 686 2007; x_wconf 86' lang='lat' dir='ltr'><strong>iudice</strong></span> <span class='ocrx_word' id='word_1_144' title='bbox 718 1950 819 2007; x_wconf 83' lang='lat' dir='ltr'><strong>aedes.</strong></span> <span class='ocrx_word' id='word_1_145' title='bbox 848 1946 1032 2008; x_wconf 82' lang='lat' dir='ltr'><strong>referendus</strong></span> <span class='ocrx_word' id='word_1_146' title='bbox 1075 1954 1132 2007; x_wconf 89' lang='lat' dir='ltr'><strong>est.</strong></span> <span class='ocrx_word' id='word_1_147' title='bbox 1176 1945 1228 2031; x_wconf 80' lang='lat' dir='ltr'><strong>Cl,</strong></span> <span class='ocrx_word' id='word_1_148' title='bbox 1259 1949 1377 2010; x_wconf 89' lang='lat' dir='ltr'><strong>Seneo.</strong></span> 
     </span>
     <span class='ocr_line' id='line_1_17' title="bbox 132 2051 408 2114; baseline -0.004 0"><span class='ocrx_word' id='word_1_149' title='bbox 132 2054 229 2114; x_wconf 83' lang='lat' dir='ltr'><strong>Herc.</strong></span> <span class='ocrx_word' id='word_1_150' title='bbox 252 2052 310 2113; x_wconf 81' lang='lat' dir='ltr'><strong>fur.</strong></span> <span class='ocrx_word' id='word_1_151' title='bbox 331 2051 408 2114; x_wconf 81' lang='lat'><strong>731:</strong></span> 
     </span>
    </p>
   </div>
   <div class='ocr_carea' id='block_1_6' title="bbox 213 2209 1059 2614">
    <p class='ocr_par' dir='ltr' id='par_1_6' title="bbox 213 2209 1059 2614">
     <span class='ocr_line' id='line_1_18' title="bbox 214 2209 981 2288; baseline 0.004 -18"><span class='ocrx_word' id='word_1_152' title='bbox 214 2211 289 2271; x_wconf 92' lang='lat' dir='ltr'><strong>Nou</strong></span> <span class='ocrx_word' id='word_1_153' title='bbox 311 2227 393 2271; x_wconf 90' lang='lat' dir='ltr'><strong>unus</strong></span> <span class='ocrx_word' id='word_1_154' title='bbox 417 2211 481 2271; x_wconf 88' lang='lat' dir='ltr'><strong>alta</strong></span> <span class='ocrx_word' id='word_1_155' title='bbox 504 2209 582 2270; x_wconf 89' lang='lat' dir='ltr'><strong>sede</strong></span> <span class='ocrx_word' id='word_1_156' title='bbox 614 2211 831 2288; x_wconf 86' lang='lat' dir='ltr'><strong>quaesitor</strong></span> <span class='ocrx_word' id='word_1_157' title='bbox 862 2211 981 2273; x_wconf 89' lang='lat' dir='ltr'><strong>sedens</strong></span> 
     </span>
     <span class='ocr_line' id='line_1_19' title="bbox 214 2317 918 2398; baseline 0.004 -20"><span class='ocrx_word' id='word_1_158' title='bbox 214 2318 374 2380; x_wconf 88' lang='lat' dir='ltr'><strong>ludiciu</strong></span> <span class='ocrx_word' id='word_1_159' title='bbox 396 2317 527 2398; x_wconf 83' lang='lat' dir='ltr'><strong>trepidis</strong></span> <span class='ocrx_word' id='word_1_160' title='bbox 548 2335 622 2379; x_wconf 90' lang='lat' dir='ltr'><strong>sera</strong></span> <span class='ocrx_word' id='word_1_161' title='bbox 645 2319 823 2381; x_wconf 91' lang='lat' dir='ltr'><strong>sortitur</strong></span> <span class='ocrx_word' id='word_1_162' title='bbox 846 2321 918 2381; x_wconf 88' lang='lat' dir='ltr'><strong>reis.</strong></span> 
     </span>
     <span class='ocr_line' id='line_1_20' title="bbox 214 2426 832 2508; baseline 0.003 -21"><span class='ocrx_word' id='word_1_163' title='bbox 214 2426 350 2488; x_wconf 91' lang='lat' dir='ltr'><strong>Auditor</strong></span> <span class='ocrx_word' id='word_1_164' title='bbox 371 2428 425 2488; x_wconf 91' lang='lat' dir='ltr'><strong>illo</strong></span> <span class='ocrx_word' id='word_1_165' title='bbox 447 2426 589 2491; x_wconf 86' lang='lat' dir='ltr'><strong>Gnosius</strong></span> <span class='ocrx_word' id='word_1_166' title='bbox 612 2429 718 2489; x_wconf 88' lang='lat' dir='ltr'><strong>bliuos</strong></span> <span class='ocrx_word' id='word_1_167' title='bbox 746 2427 832 2508; x_wconf 86' lang='lat' dir='ltr'><strong>foro,</strong></span> 
     </span>
     <span class='ocr_line' id='line_1_21' title="bbox 213 2533 1059 2614; baseline -0.002 -15"><span class='ocrx_word' id='word_1_168' title='bbox 213 2534 475 2599; x_wconf 84' lang='lat' dir='ltr'><strong>Rhadamanthus</strong></span> <span class='ocrx_word' id='word_1_169' title='bbox 496 2537 564 2614; x_wconf 90' lang='lat' dir='ltr'><strong>illo,</strong></span> <span class='ocrx_word' id='word_1_170' title='bbox 596 2534 741 2596; x_wconf 77' lang='lat' dir='ltr'><strong>Thetidis</strong></span> <span class='ocrx_word' id='word_1_171' title='bbox 765 2534 827 2596; x_wconf 92' lang='lat' dir='ltr'><strong>hoc</strong></span> <span class='ocrx_word' id='word_1_172' title='bbox 847 2533 937 2597; x_wconf 89' lang='lat' dir='ltr'><strong>audit</strong></span> <span class='ocrx_word' id='word_1_173' title='bbox 958 2554 1059 2597; x_wconf 85' lang='lat' dir='ltr'><strong>socer.</strong></span> 
     </span>
    </p>
   </div>
   <div class='ocr_carea' id='block_1_7' title="bbox 128 2668 1380 4052">
    <p class='ocr_par' dir='ltr' id='par_1_7' title="bbox 128 2668 1380 4052">
     <span class='ocr_line' id='line_1_22' title="bbox 131 2668 1377 2747; baseline 0.001 -14"><span class='ocrx_word' id='word_1_174' title='bbox 131 2671 213 2734; x_wconf 84' lang='lat' dir='ltr'><strong>Rem</strong></span> <span class='ocrx_word' id='word_1_175' title='bbox 249 2672 386 2732; x_wconf 84' lang='lat' dir='ltr'><strong>maxime</strong></span> <span class='ocrx_word' id='word_1_176' title='bbox 419 2672 564 2731; x_wconf 85' lang='lat' dir='ltr'><strong>inlustrat</strong></span> <span class='ocrx_word' id='word_1_177' title='bbox 595 2668 865 2734; x_wconf 83' lang='lat' dir='ltr'><strong>Pseudo-Ascua.</strong></span> <span class='ocrx_word' id='word_1_178' title='bbox 900 2669 940 2731; x_wconf 91' lang='lat' dir='ltr'><strong>ad</strong></span> <span class='ocrx_word' id='word_1_179' title='bbox 971 2670 1037 2732; x_wconf 84' lang='lat' dir='ltr'><strong>Cic.</strong></span> <span class='ocrx_word' id='word_1_180' title='bbox 1071 2670 1160 2732; x_wconf 90' lang='lat' dir='ltr'><strong>Verr.</strong></span> <span class='ocrx_word' id='word_1_181' title='bbox 1194 2674 1218 2732; x_wconf 92' lang='lat' dir='ltr'><strong>l.</strong></span> <span class='ocrx_word' id='word_1_182' title='bbox 1260 2680 1288 2747; x_wconf 73' lang='lat' dir='ltr'><strong>s.</strong></span> <span class='ocrx_word' id='word_1_183' title='bbox 1307 2673 1377 2734; x_wconf 46' lang='lat'><strong>117:</strong></span> 
     </span>
     <span class='ocr_line' id='line_1_23' title="bbox 131 2776 1375 2860; baseline 0.002 -21"><span class='ocrx_word' id='word_1_184' title='bbox 131 2780 257 2860; x_wconf 88' lang='lat' dir='ltr'><strong>„Moris</strong></span> <span class='ocrx_word' id='word_1_185' title='bbox 280 2786 356 2849; x_wconf 88' lang='lat' dir='ltr'><strong>erat,</strong></span> <span class='ocrx_word' id='word_1_186' title='bbox 380 2776 539 2840; x_wconf 86' lang='lat' dir='ltr'><strong>celebrata</strong></span> <span class='ocrx_word' id='word_1_187' title='bbox 561 2776 697 2837; x_wconf 92' lang='lat' dir='ltr'><strong>iudicum</strong></span> <span class='ocrx_word' id='word_1_188' title='bbox 720 2777 893 2837; x_wconf 87' lang='lat' dir='ltr'><strong>reiectione</strong></span> <span class='ocrx_word' id='word_1_189' title='bbox 913 2785 946 2836; x_wconf 88' lang='lat' dir='ltr'><strong>et</strong></span> <span class='ocrx_word' id='word_1_190' title='bbox 967 2777 1076 2837; x_wconf 90' lang='lat' dir='ltr'><strong>haberi</strong></span> <span class='ocrx_word' id='word_1_191' title='bbox 1099 2777 1129 2837; x_wconf 93' lang='lat' dir='ltr'><strong>iu</strong></span> <span class='ocrx_word' id='word_1_192' title='bbox 1148 2777 1254 2838; x_wconf 87' lang='lat' dir='ltr'><strong>allicio</strong></span> <span class='ocrx_word' id='word_1_193' title='bbox 1279 2800 1375 2860; x_wconf 88' lang='lat' dir='ltr'><strong>prae-</strong></span> 
     </span>
     <span class='ocr_line' id='line_1_24' title="bbox 131 2881 1375 2963; baseline 0.001 -15"><span class='ocrx_word' id='word_1_194' title='bbox 131 2886 209 2948; x_wconf 87' lang='lat' dir='ltr'><strong>toris</strong></span> <span class='ocrx_word' id='word_1_195' title='bbox 231 2886 315 2947; x_wconf 88' lang='lat' dir='ltr'><strong>etin</strong></span> <span class='ocrx_word' id='word_1_196' title='bbox 336 2901 410 2945; x_wconf 89' lang='lat' dir='ltr'><strong>arca</strong></span> <span class='ocrx_word' id='word_1_197' title='bbox 431 2885 540 2963; x_wconf 88' lang='lat' dir='ltr'><strong>reponi</strong></span> <span class='ocrx_word' id='word_1_198' title='bbox 561 2882 687 2944; x_wconf 90' lang='lat' dir='ltr'><strong>nomina</strong></span> <span class='ocrx_word' id='word_1_199' title='bbox 707 2882 842 2944; x_wconf 88' lang='lat' dir='ltr'><strong>iudicum</strong></span> <span class='ocrx_word' id='word_1_200' title='bbox 864 2881 1066 2944; x_wconf 86' lang='lat' dir='ltr'><strong>delectorum.</strong></span> <span class='ocrx_word' id='word_1_201' title='bbox 1108 2883 1255 2948; x_wconf 84' lang='lat' dir='ltr'><strong>Reiectio</strong></span> <span class='ocrx_word' id='word_1_202' title='bbox 1268 2897 1375 2949; x_wconf 88' lang='lat' dir='ltr'><strong>autem</strong></span> 
     </span>
     <span class='ocr_line' id='line_1_25' title="bbox 129 2995 1378 3080; baseline -0.002 -20"><span class='ocrx_word' id='word_1_203' title='bbox 129 2999 247 3061; x_wconf 93' lang='lat' dir='ltr'><strong>idcirco</strong></span> <span class='ocrx_word' id='word_1_204' title='bbox 274 2995 404 3080; x_wconf 89' lang='lat' dir='ltr'><strong>dicitur,</strong></span> <span class='ocrx_word' id='word_1_205' title='bbox 441 2999 516 3075; x_wconf 89' lang='lat' dir='ltr'><strong>quia</strong></span> <span class='ocrx_word' id='word_1_206' title='bbox 530 3039 539 3075; x_wconf 87' lang='lat'><strong>,</strong></span> <span class='ocrx_word' id='word_1_207' title='bbox 569 3013 665 3076; x_wconf 88' lang='lat' dir='ltr'><strong>quum</strong></span> <span class='ocrx_word' id='word_1_208' title='bbox 695 2996 782 3056; x_wconf 88' lang='lat' dir='ltr'><strong>multi</strong></span> <span class='ocrx_word' id='word_1_209' title='bbox 810 2995 928 3057; x_wconf 87' lang='lat' dir='ltr'><strong>iudices</strong></span> <span class='ocrx_word' id='word_1_210' title='bbox 949 2996 979 3057; x_wconf 93' lang='lat' dir='ltr'><strong>in</strong></span> <span class='ocrx_word' id='word_1_211' title='bbox 1003 2997 1167 3057; x_wconf 88' lang='lat' dir='ltr'><strong>consilium</strong></span> <span class='ocrx_word' id='word_1_212' title='bbox 1191 3016 1210 3058; x_wconf 91' lang='lat' dir='ltr'><strong>a</strong></span> <span class='ocrx_word' id='word_1_213' title='bbox 1233 3008 1378 3077; x_wconf 87' lang='lat' dir='ltr'><strong>praetore</strong></span> 
     </span>
     <span class='ocr_line' id='line_1_26' title="bbox 130 3103 1373 3185; baseline -0.003 -18"><span class='ocrx_word' id='word_1_214' title='bbox 130 3124 189 3167; x_wconf 88' lang='lat' dir='ltr'><strong>suo</strong></span> <span class='ocrx_word' id='word_1_215' title='bbox 211 3103 388 3167; x_wconf 87' lang='lat' dir='ltr'><strong>advocandi</strong></span> <span class='ocrx_word' id='word_1_216' title='bbox 411 3112 537 3180; x_wconf 88' lang='lat' dir='ltr'><strong>essent,</strong></span> <span class='ocrx_word' id='word_1_217' title='bbox 567 3105 617 3185; x_wconf 94' lang='lat' dir='ltr'><strong>qui</strong></span> <span class='ocrx_word' id='word_1_218' title='bbox 640 3113 790 3185; x_wconf 89' lang='lat' dir='ltr'><strong>quaestor</strong></span> <span class='ocrx_word' id='word_1_219' title='bbox 812 3105 924 3165; x_wconf 89' lang='lat' dir='ltr'><strong>luisset</strong></span> <span class='ocrx_word' id='word_1_220' title='bbox 944 3108 976 3165; x_wconf 90' lang='lat' dir='ltr'><strong>iu</strong></span> <span class='ocrx_word' id='word_1_221' title='bbox 998 3104 1123 3184; x_wconf 85' lang='lat' dir='ltr'><strong>publica</strong></span> <span class='ocrx_word' id='word_1_222' title='bbox 1148 3121 1260 3182; x_wconf 90' lang='lat' dir='ltr'><strong>causa,</strong></span> <span class='ocrx_word' id='word_1_223' title='bbox 1283 3105 1373 3167; x_wconf 89' lang='lat' dir='ltr'><strong>verbi</strong></span> 
     </span>
     <span class='ocr_line' id='line_1_27' title="bbox 129 3210 1378 3296; baseline -0.001 -22"><span class='ocrx_word' id='word_1_224' title='bbox 129 3215 232 3296; x_wconf 80' lang='lat' dir='ltr'><strong>gratia</strong></span> <span class='ocrx_word' id='word_1_225' title='bbox 252 3210 510 3292; x_wconf 88' lang='lat' dir='ltr'><strong>repetundarum,</strong></span> <span class='ocrx_word' id='word_1_226' title='bbox 533 3211 684 3292; x_wconf 79' lang='lat' dir='ltr'><strong>ambitus,</strong></span> <span class='ocrx_word' id='word_1_227' title='bbox 706 3211 894 3291; x_wconf 86' lang='lat' dir='ltr'><strong>maiestatis,</strong></span> <span class='ocrx_word' id='word_1_228' title='bbox 915 3211 1234 3273; x_wconf 83' lang='lat' dir='ltr'><strong>necessefuerateos</strong></span> <span class='ocrx_word' id='word_1_229' title='bbox 1247 3214 1378 3292; x_wconf 87' lang='lat' dir='ltr'><strong>primum</strong></span> 
     </span>
     <span class='ocr_line' id='line_1_28' title="bbox 130 3317 1376 3400; baseline -0.001 -18"><span class='ocrx_word' id='word_1_230' title='bbox 130 3321 170 3382; x_wconf 88' lang='lat' dir='ltr'><strong>de</strong></span> <span class='ocrx_word' id='word_1_231' title='bbox 193 3320 318 3384; x_wconf 88' lang='lat' dir='ltr'><strong>decuria</strong></span> <span class='ocrx_word' id='word_1_232' title='bbox 339 3319 499 3381; x_wconf 88' lang='lat' dir='ltr'><strong>senatoria</strong></span> <span class='ocrx_word' id='word_1_233' title='bbox 521 3317 696 3400; x_wconf 79' lang='lat' dir='ltr'><strong>conscribi,</strong></span> <span class='ocrx_word' id='word_1_234' title='bbox 727 3335 820 3398; x_wconf 92' lang='lat' dir='ltr'><strong>quum</strong></span> <span class='ocrx_word' id='word_1_235' title='bbox 843 3327 976 3380; x_wconf 89' lang='lat' dir='ltr'><strong>senatus</strong></span> <span class='ocrx_word' id='word_1_236' title='bbox 998 3317 1170 3400; x_wconf 89' lang='lat' dir='ltr'><strong>iudicaret,</strong></span> <span class='ocrx_word' id='word_1_237' title='bbox 1202 3319 1316 3381; x_wconf 88' lang='lat' dir='ltr'><strong>deiude</strong></span> <span class='ocrx_word' id='word_1_238' title='bbox 1340 3323 1376 3382; x_wconf 92' lang='lat' dir='ltr'><strong>in</strong></span> 
     </span>
     <span class='ocr_line' id='line_1_29' title="bbox 129 3425 1375 3508; baseline 0 -19"><span class='ocrx_word' id='word_1_239' title='bbox 129 3448 266 3490; x_wconf 90' lang='lat' dir='ltr'><strong>urnam</strong></span> <span class='ocrx_word' id='word_1_240' title='bbox 290 3433 445 3490; x_wconf 91' lang='lat' dir='ltr'><strong>sortito</strong></span> <span class='ocrx_word' id='word_1_241' title='bbox 468 3427 587 3508; x_wconf 87' lang='lat' dir='ltr'><strong>mitti,</strong></span> <span class='ocrx_word' id='word_1_242' title='bbox 611 3435 644 3487; x_wconf 92' lang='lat' dir='ltr'><strong>ut</strong></span> <span class='ocrx_word' id='word_1_243' title='bbox 668 3425 708 3488; x_wconf 90' lang='lat' dir='ltr'><strong>de</strong></span> <span class='ocrx_word' id='word_1_244' title='bbox 729 3426 869 3508; x_wconf 84' lang='lat' dir='ltr'><strong>pluribus</strong></span> <span class='ocrx_word' id='word_1_245' title='bbox 893 3427 1098 3488; x_wconf 89' lang='lat' dir='ltr'><strong>necessarius</strong></span> <span class='ocrx_word' id='word_1_246' title='bbox 1118 3445 1269 3488; x_wconf 90' lang='lat' dir='ltr'><strong>numerus</strong></span> <span class='ocrx_word' id='word_1_247' title='bbox 1293 3445 1375 3490; x_wconf 89' lang='lat' dir='ltr'><strong>con-</strong></span> 
     </span>
     <span class='ocr_line' id='line_1_30' title="bbox 129 3538 1376 3621; baseline -0.004 -20"><span class='ocrx_word' id='word_1_248' title='bbox 129 3540 181 3601; x_wconf 87' lang='lat' dir='ltr'><strong>lici</strong></span> <span class='ocrx_word' id='word_1_249' title='bbox 202 3542 417 3621; x_wconf 80' lang='lat' dir='ltr'><strong>possit....“</strong></span> <span class='ocrx_word' id='word_1_250' title='bbox 454 3540 527 3618; x_wconf 81' lang='lat' dir='ltr'><strong>Qua</strong></span> <span class='ocrx_word' id='word_1_251' title='bbox 556 3541 720 3617; x_wconf 86' lang='lat' dir='ltr'><strong>sortitione</strong></span> <span class='ocrx_word' id='word_1_252' title='bbox 753 3548 882 3619; x_wconf 88' lang='lat' dir='ltr'><strong>peracta</strong></span> <span class='ocrx_word' id='word_1_253' title='bbox 905 3541 1183 3616; x_wconf 81' lang='lat' dir='ltr'><strong>Minoscilentum</strong></span> <span class='ocrx_word' id='word_1_254' title='bbox 1205 3538 1376 3600; x_wconf 81' lang='lat' dir='ltr'><strong>concilium</strong></span> 
     </span>
     <span class='ocr_line' id='line_1_31' title="bbox 128 3648 1380 3726; baseline -0.002 -18"><span class='ocrx_word' id='word_1_255' title='bbox 128 3655 221 3708; x_wconf 85' lang='lat' dir='ltr'><strong>cocat</strong></span> <span class='ocrx_word' id='word_1_256' title='bbox 249 3648 267 3712; x_wconf 87' lang='lat' dir='ltr'><strong>i.</strong></span> <span class='ocrx_word' id='word_1_257' title='bbox 298 3666 325 3707; x_wconf 86' lang='lat' dir='ltr'><strong>e.</strong></span> <span class='ocrx_word' id='word_1_258' title='bbox 347 3648 468 3710; x_wconf 89' lang='lat' dir='ltr'><strong>animas</strong></span> <span class='ocrx_word' id='word_1_259' title='bbox 498 3649 528 3708; x_wconf 92' lang='lat' dir='ltr'><strong>in</strong></span> <span class='ocrx_word' id='word_1_260' title='bbox 557 3648 703 3709; x_wconf 90' lang='lat' dir='ltr'><strong>iudicium</strong></span> <span class='ocrx_word' id='word_1_261' title='bbox 727 3655 822 3708; x_wconf 90' lang='lat' dir='ltr'><strong>vocat</strong></span> <span class='ocrx_word' id='word_1_262' title='bbox 850 3651 994 3726; x_wconf 80' lang='lat' dir='ltr'><strong>vitasque</strong></span> <span class='ocrx_word' id='word_1_263' title='bbox 1020 3656 1052 3709; x_wconf 88' lang='lat' dir='ltr'><strong>et</strong></span> <span class='ocrx_word' id='word_1_264' title='bbox 1072 3653 1206 3708; x_wconf 81' lang='lat' dir='ltr'><strong>crimina</strong></span> <span class='ocrx_word' id='word_1_265' title='bbox 1227 3650 1323 3707; x_wconf 75' lang='lat' dir='ltr'><strong>discit</strong></span> <span class='ocrx_word' id='word_1_266' title='bbox 1342 3663 1380 3706; x_wconf 93' lang='lat' dir='ltr'><strong>ac</strong></span> 
     </span>
     <span class='ocr_line' id='line_1_32' title="bbox 129 3754 1379 3836; baseline 0 -21"><span class='ocrx_word' id='word_1_267' title='bbox 129 3754 368 3835; x_wconf 89' lang='lat' dir='ltr'><strong>quaestionibus</strong></span> <span class='ocrx_word' id='word_1_268' title='bbox 409 3775 450 3817; x_wconf 90' lang='lat' dir='ltr'><strong>ex</strong></span> <span class='ocrx_word' id='word_1_269' title='bbox 476 3755 555 3836; x_wconf 87' lang='lat' dir='ltr'><strong>ipsis</strong></span> <span class='ocrx_word' id='word_1_270' title='bbox 578 3764 610 3816; x_wconf 93' lang='lat' dir='ltr'><strong>et</strong></span> <span class='ocrx_word' id='word_1_271' title='bbox 642 3755 817 3816; x_wconf 85' lang='lat' dir='ltr'><strong>etcstibus</strong></span> <span class='ocrx_word' id='word_1_272' title='bbox 847 3757 962 3818; x_wconf 90' lang='lat' dir='ltr'><strong>habitis</strong></span> <span class='ocrx_word' id='word_1_273' title='bbox 992 3758 1032 3820; x_wconf 93' lang='lat' dir='ltr'><strong>de</strong></span> <span class='ocrx_word' id='word_1_274' title='bbox 1062 3777 1169 3821; x_wconf 88' lang='lat' dir='ltr'><strong>corum</strong></span> <span class='ocrx_word' id='word_1_275' title='bbox 1200 3756 1379 3818; x_wconf 86' lang='lat' dir='ltr'><strong>criminibus</strong></span> 
     </span>
     <span class='ocr_line' id='line_1_33' title="bbox 129 3860 1378 3947; baseline -0.001 -23"><span class='ocrx_word' id='word_1_276' title='bbox 129 3865 302 3942; x_wconf 85' lang='lat' dir='ltr'><strong>cognoscit.</strong></span> <span class='ocrx_word' id='word_1_277' title='bbox 336 3862 452 3942; x_wconf 88' lang='lat' dir='ltr'><strong>Neque</strong></span> <span class='ocrx_word' id='word_1_278' title='bbox 474 3879 553 3922; x_wconf 90' lang='lat' dir='ltr'><strong>vero</strong></span> <span class='ocrx_word' id='word_1_279' title='bbox 576 3861 682 3920; x_wconf 89' lang='lat' dir='ltr'><strong>Minos</strong></span> <span class='ocrx_word' id='word_1_280' title='bbox 704 3860 872 3940; x_wconf 84' lang='lat' dir='ltr'><strong>graviores</strong></span> <span class='ocrx_word' id='word_1_281' title='bbox 896 3883 1016 3943; x_wconf 83' lang='lat' dir='ltr'><strong>poerras</strong></span> <span class='ocrx_word' id='word_1_282' title='bbox 1039 3866 1069 3926; x_wconf 93' lang='lat' dir='ltr'><strong>iu</strong></span> <span class='ocrx_word' id='word_1_283' title='bbox 1092 3885 1168 3947; x_wconf 91' lang='lat' dir='ltr'><strong>eos,</strong></span> <span class='ocrx_word' id='word_1_284' title='bbox 1192 3867 1246 3947; x_wconf 89' lang='lat' dir='ltr'><strong>qui</strong></span> <span class='ocrx_word' id='word_1_285' title='bbox 1268 3883 1378 3927; x_wconf 86' lang='lat' dir='ltr'><strong>amore</strong></span> 
     </span>
     <span class='ocr_line' id='line_1_34' title="bbox 128 3965 1355 4052; baseline 0.005 -24"><span class='ocrx_word' id='word_1_286' title='bbox 128 3985 225 4029; x_wconf 90' lang='lat' dir='ltr'><strong>caeco</strong></span> <span class='ocrx_word' id='word_1_287' title='bbox 248 3968 368 4047; x_wconf 89' lang='lat' dir='ltr'><strong>peracti</strong></span> <span class='ocrx_word' id='word_1_288' title='bbox 388 3984 515 4027; x_wconf 91' lang='lat' dir='ltr'><strong>manum</strong></span> <span class='ocrx_word' id='word_1_289' title='bbox 537 3965 598 4025; x_wconf 88' lang='lat' dir='ltr'><strong>sibi</strong></span> <span class='ocrx_word' id='word_1_290' title='bbox 619 3966 807 4048; x_wconf 91' lang='lat' dir='ltr'><strong>intulerunt,</strong></span> <span class='ocrx_word' id='word_1_291' title='bbox 829 3966 957 4030; x_wconf 90' lang='lat' dir='ltr'><strong>videtur</strong></span> <span class='ocrx_word' id='word_1_292' title='bbox 978 3973 1173 4045; x_wconf 86' lang='lat' dir='ltr'><strong>exercuisse,</strong></span> <span class='ocrx_word' id='word_1_293' title='bbox 1198 3972 1257 4052; x_wconf 89' lang='lat' dir='ltr'><strong>Vl,</strong></span> <span class='ocrx_word' id='word_1_294' title='bbox 1277 3971 1355 4034; x_wconf 81' lang='lat' dir='ltr'><strong>56ss:</strong></span> 
     </span>
    </p>
   </div>
   <div class='ocr_carea' id='block_1_8' title="bbox 210 4101 1215 4501">
    <p class='ocr_par' dir='ltr' id='par_1_8' title="bbox 210 4101 1215 4291">
     <span class='ocr_line' id='line_1_35' title="bbox 210 4101 1215 4186; baseline 0.002 -22"><span class='ocrx_word' id='word_1_295' title='bbox 210 4103 354 4164; x_wconf 80' lang='lat' dir='ltr'><strong>Gnosius</strong></span> <span class='ocrx_word' id='word_1_296' title='bbox 376 4104 455 4161; x_wconf 83' lang='lat' dir='ltr'><strong>baec</strong></span> <span class='ocrx_word' id='word_1_297' title='bbox 477 4101 747 4163; x_wconf 75' lang='lat' dir='ltr'><strong>Rhadamanthus</strong></span> <span class='ocrx_word' id='word_1_298' title='bbox 770 4103 878 4176; x_wconf 83' lang='lat' dir='ltr'><strong>dubet,</strong></span> <span class='ocrx_word' id='word_1_299' title='bbox 892 4105 1073 4169; x_wconf 82' lang='lat' dir='ltr'><strong>‚durissima</strong></span> <span class='ocrx_word' id='word_1_300' title='bbox 1094 4125 1215 4186; x_wconf 71' lang='lat' dir='ltr'><strong>requa,</strong></span> 
     </span>
     <span class='ocr_line' id='line_1_36' title="bbox 210 4212 989 4291; baseline 0.001 -20"><span class='ocrx_word' id='word_1_301' title='bbox 210 4212 357 4289; x_wconf 63' lang='lat' dir='ltr'><strong>Gestiunt</strong></span> <span class='ocrx_word' id='word_1_302' title='bbox 375 4214 525 4291; x_wconf 80' lang='lat' dir='ltr'><strong>auditque</strong></span> <span class='ocrx_word' id='word_1_303' title='bbox 546 4212 648 4286; x_wconf 82' lang='lat' dir='ltr'><strong>dolos,</strong></span> <span class='ocrx_word' id='word_1_304' title='bbox 678 4212 857 4290; x_wconf 66' lang='lat' dir='ltr'><strong>subicitque</strong></span> <span class='ocrx_word' id='word_1_305' title='bbox 875 4217 989 4290; x_wconf 84' lang='lat' dir='ltr'><strong>fateri,</strong></span> 
     </span>
    </p>

    <p class='ocr_par' dir='ltr' id='par_1_9' title="bbox 211 4296 1052 4397">
     <span class='ocr_line' id='line_1_37' title="bbox 211 4296 1052 4397; baseline -0.002 -20"><span class='ocrx_word' id='word_1_306' title='bbox 211 4317 301 4392; x_wconf 78' lang='lat' dir='ltr'><strong>Quae</strong></span> <span class='ocrx_word' id='word_1_307' title='bbox 323 4321 394 4397; x_wconf 81' lang='lat' dir='ltr'><strong>quis</strong></span> <span class='ocrx_word' id='word_1_308' title='bbox 416 4298 504 4396; x_wconf 74' lang='lat' dir='ltr'><strong>apud</strong></span> <span class='ocrx_word' id='word_1_309' title='bbox 522 4336 665 4394; x_wconf 79' lang='lat' dir='ltr'><strong>superos,</strong></span> <span class='ocrx_word' id='word_1_310' title='bbox 683 4319 773 4396; x_wconf 78' lang='lat' dir='ltr'><strong>sarto</strong></span> <span class='ocrx_word' id='word_1_311' title='bbox 794 4296 931 4377; x_wconf 83' lang='lat' dir='ltr'><strong>laetatus</strong></span> <span class='ocrx_word' id='word_1_312' title='bbox 953 4320 1052 4392; x_wconf 85' lang='lat' dir='ltr'><strong>inani,</strong></span> 
     </span>
    </p>

    <p class='ocr_par' dir='ltr' id='par_1_10' title="bbox 211 4424 1024 4501">
     <span class='ocr_line' id='line_1_38' title="bbox 211 4424 1024 4501; baseline -0.002 -14"><span class='ocrx_word' id='word_1_313' title='bbox 211 4426 347 4488; x_wconf 73' lang='lat' dir='ltr'><strong>Distulit</strong></span> <span class='ocrx_word' id='word_1_314' title='bbox 366 4429 401 4484; x_wconf 89' lang='lat' dir='ltr'><strong>iu</strong></span> <span class='ocrx_word' id='word_1_315' title='bbox 421 4443 527 4484; x_wconf 83' lang='lat' dir='ltr'><strong>seram</strong></span> <span class='ocrx_word' id='word_1_316' title='bbox 549 4427 714 4483; x_wconf 82' lang='lat' dir='ltr'><strong>commissa</strong></span> <span class='ocrx_word' id='word_1_317' title='bbox 732 4424 862 4501; x_wconf 82' lang='lat' dir='ltr'><strong>piacula</strong></span> <span class='ocrx_word' id='word_1_318' title='bbox 885 4429 1024 4485; x_wconf 83' lang='lat' dir='ltr'><strong>mortam.</strong></span> 
     </span>
    </p>
   </div>
   <div class='ocr_carea' id='block_1_9' title="bbox 127 4554 1378 4850">
    <p class='ocr_par' dir='ltr' id='par_1_11' title="bbox 127 4554 1378 4850">
     <span class='ocr_line' id='line_1_39' title="bbox 128 4554 1377 4638; baseline 0.006 -19"><span class='ocrx_word' id='word_1_319' title='bbox 128 4558 192 4620; x_wconf 88' lang='lat' dir='ltr'><strong>Hic</strong></span> <span class='ocrx_word' id='word_1_320' title='bbox 212 4557 309 4638; x_wconf 89' lang='lat' dir='ltr'><strong>igitur</strong></span> <span class='ocrx_word' id='word_1_321' title='bbox 330 4575 391 4616; x_wconf 92' lang='lat' dir='ltr'><strong>uon</strong></span> <span class='ocrx_word' id='word_1_322' title='bbox 415 4557 617 4636; x_wconf 83' lang='lat' dir='ltr'><strong>quaestione,</strong></span> <span class='ocrx_word' id='word_1_323' title='bbox 650 4554 708 4615; x_wconf 89' lang='lat' dir='ltr'><strong>sed</strong></span> <span class='ocrx_word' id='word_1_324' title='bbox 729 4555 893 4616; x_wconf 88' lang='lat' dir='ltr'><strong>tormentis</strong></span> <span class='ocrx_word' id='word_1_325' title='bbox 916 4573 989 4631; x_wconf 76' lang='lat' dir='ltr'><strong>eoS,</strong></span> <span class='ocrx_word' id='word_1_326' title='bbox 1019 4557 1070 4636; x_wconf 91' lang='lat' dir='ltr'><strong>qui</strong></span> <span class='ocrx_word' id='word_1_327' title='bbox 1097 4558 1168 4620; x_wconf 93' lang='lat' dir='ltr'><strong>dolo</strong></span> <span class='ocrx_word' id='word_1_328' title='bbox 1199 4566 1281 4625; x_wconf 88' lang='lat' dir='ltr'><strong>malo</strong></span> <span class='ocrx_word' id='word_1_329' title='bbox 1303 4565 1377 4626; x_wconf 86' lang='lat' dir='ltr'><strong>fur-</strong></span> 
     </span>
     <span class='ocr_line' id='line_1_40' title="bbox 128 4650 1378 4746; baseline -0.001 -20"><span class='ocrx_word' id='word_1_330' title='bbox 128 4663 395 4746; x_wconf 87' lang='lat' dir='ltr'><strong>toque&#39;iustitiam</strong></span> <span class='ocrx_word' id='word_1_331' title='bbox 419 4663 567 4724; x_wconf 88' lang='lat' dir='ltr'><strong>viventes</strong></span> <span class='ocrx_word' id='word_1_332' title='bbox 592 4650 808 4738; x_wconf 85' lang='lat' dir='ltr'><strong>violaverunt,</strong></span> <span class='ocrx_word' id='word_1_333' title='bbox 831 4669 866 4722; x_wconf 90' lang='lat' dir='ltr'><strong>ut</strong></span> <span class='ocrx_word' id='word_1_334' title='bbox 888 4661 1064 4744; x_wconf 77' lang='lat' dir='ltr'><strong>fateantur,</strong></span> <span class='ocrx_word' id='word_1_335' title='bbox 1085 4665 1191 4746; x_wconf 84' lang='lat' dir='ltr'><strong>cogit,</strong></span> <span class='ocrx_word' id='word_1_336' title='bbox 1216 4687 1256 4730; x_wconf 88' lang='lat' dir='ltr'><strong>ac</strong></span> <span class='ocrx_word' id='word_1_337' title='bbox 1278 4691 1378 4734; x_wconf 74' lang='lat' dir='ltr'><strong>causa</strong></span> 
     </span>
     <span class='ocr_line' id='line_1_41' title="bbox 127 4769 655 4850; baseline -0.002 -16"><span class='ocrx_word' id='word_1_338' title='bbox 127 4773 254 4850; x_wconf 77' lang='lat' dir='ltr'><strong>cognita</strong></span> <span class='ocrx_word' id='word_1_339' title='bbox 280 4769 418 4832; x_wconf 86' lang='lat' dir='ltr'><strong>carnifici</strong></span> <span class='ocrx_word' id='word_1_340' title='bbox 441 4772 523 4833; x_wconf 90' lang='lat' dir='ltr'><strong>illico</strong></span> <span class='ocrx_word' id='word_1_341' title='bbox 545 4769 655 4833; x_wconf 84' lang='lat' dir='ltr'><strong>tradit:</strong></span> 
     </span>
    </p>
   </div>
   <div class='ocr_carea' id='block_1_10' title="bbox 0 0 1516 5234">
    <p class='ocr_par' dir='ltr' id='par_1_12' title="bbox 0 0 1516 5234">
     <span class='ocr_line' id='line_1_42' title="bbox 0 0 1516 5234; baseline 0 1"><span class='ocrx_word' id='word_1_342' title='bbox 0 0 1516 5234; x_wconf 95' lang='lat' dir='ltr'><strong> </strong></span> 
     </span>
    </p>
   </div>
  </div>
 </body>
</html>
