3022 5234
462 237 519 301 De
549 238 715 302 coronis
747 239 967 322 sertisque.
1277 244 1337 308 189

93 417 224 499 dantur,
257 418 364 482 salsas
392 419 527 502 fruges,
558 428 655 502 atque
687 414 836 485 universa
871 421 1035 504 libamiaa3
1065 425 1187 507 lacti,
1222 427 1332 508 oleo,

92 527 302 608 sanguini,
324 527 378 589 hic
398 535 495 609 ponat
517 537 551 590 nt
571 547 762 610 purpureum
793 515 963 604 colorem)
979 532 1032 593 illa
1061 540 1096 593 ut
1123 534 1187 594 siut
1216 535 1332 615 lurida,

91 637 255 719 fuliginem
277 636 430 698 infundite
452 656 528 714 eum,
546 632 697 699 favillier‘
729 637 907 718 Cenolaph.
930 639 1054 702 Pisae:
1079 641 1331 721 SVPbillQVE.

90 748 188 809 EAS.
212 744 455 810 SINGVLAE.
476 744 644 809 vitudu.
666 744 839 807 LAC'l'lS.
863 745 1042 810 MELLIS.
1066 746 1179 812 obul.
1215 749 1332 811 llVN-

89 855 292 918 DrtN'rvro
336 851 428 914 Adde
450 853 652 935 sanguinem,
672 851 937 934 quemadmodum
955 854 1095 936 'Aeneas
1116 855 1148 915 in
1169 858 1333 938 exsequiis

88 962 317 1025 anniversariis
337 961 380 1036 V,
402 960 459 1022 77:

106 1119 109 1124 ·
173 1072 234 1136 Hir
257 1073 317 1132 duo
336 1074 397 1130 rite
418 1068 629 1147 merodr'llooe
642 1068 813 1131 carchesio
832 1068 966 1131 Boorlr'o

170 1179 295 1240 ronan
313 1182 410 1254 dumi,
434 1180 496 1240 duo
517 1180 625 1239 lacte
645 1197 736 1258 novo,
758 1179 820 1238 doto
840 1180 1043 1254 aoopot'rre
1064 1199 1168 1240 erroro.

93 1286 256 1368 Polydoro
277 1287 334 1360 lli,
356 1285 416 1350 66:

169 1393 347 1473 Inferimos
367 1392 469 1470 tepido
488 1393 670 1469 spumantia
690 1389 811 1467 cymbia
830 1387 936 1451 lacte

171 1500 398 1578 Sanpoioia
420 1500 557 1565 etaoori
574 1504 716 1576 poterae.

87 1606 275 1687 Comparari
295 1615 413 1688 potest,
437 1603 742 1686 quodinsaprilicio
757 1603 904 1673 Hecatae
926 1604 1032 1669 oblato
1042 1605 1172 1673 ministri
1182 1606 1241 1688 Vl,
1251 1606 1332 1670 248:

86 1717 286 1793 tepidumque
307 1729 455 1775 cruorem
476 1712 668 1795 Sororpr'onl
683 1717 815 1793 poteria.
837 1711 942 1792 Quam
966 1711 1116 1775 diversus
1138 1714 1168 1774 in
1189 1713 1239 1777 bis
1260 1733 1332 1777 om-

84 1819 177 1882 nibus
198 1822 358 1897 Homerus
381 1819 441 1890 0d.
463 1821 523 1895 Xl,
544 1820 604 1896 26:

132 1967 137 1971 -
167 1917 264 2013 ’Λμφ’
284 1917 374 2010 οιῦοοΝ
392 1924 429 1995 δὲ
451 1917 543 2014 poda,
548 1914 669 2013 χεόμην
688 1924 790 1992 πᾶσιν
808 1915 996 2007 venderam,

168 2032 285 2120 πρῶτοι
304 2023 499 2122 μελικρήτῳ,
519 2032 698 2118 μετέπειτα
719 2026 856 2121 δὲ’ἡδὲῖ
876 2033 963 2120 οἴνῳ,

166 2135 205 2208 τό
225 2141 334 2231 τρίτον
353 2133 559 2217 αὖθ’,ὕδαοο
578 2141 636 2211 ἐπὶ
656 2145 687 2211 δ’
708 2138 832 2234 ἄλφιτα
853 2137 952 2211 λευκοὶ
975 2135 1126 2211 πάλυνον.

655 2381 688 2468 p.
708 2387 763 2450 er.

467 2540 526 2595 lic
543 2536 709 2596 eoronla
726 2539 944 2610 nemi-que.
1049 2571 1061 2598 „-

166 2706 362 2772 Coronarum
398 2727 476 2772 usus
509 2707 593 2790 apud
627 2709 772 2791 antiquos
805 2729 863 2791 per
891 2730 1016 2775 ornnem
1057 2709 1183 2794 quidem
1224 2712 1325 2772 vitam

81 2816 262 2897 dispersus,
294 2817 352 2881 sed
379 2818 411 2881 in
434 2820 589 2902 religione
611 2820 748 2882 maxime
776 2819 837 2882 luit
865 2821 1012 2882 usitatus.
1055 2819 1255 2901 Quapropter
1275 2840 1327 2882 me

79 2925 163 2988 huuc
194 2921 298 2987 locum
330 2927 360 2988 in
392 2944 483 2991 unam
512 2929 603 3010 quasi
634 2929 804 3010 imaginem
837 2929 1023 3010 complecti,
1064 2929 1246 3009 permittant
1275 2928 1326 2990 le-

77 3044 192 3094 ctores.
237 3032 382 3096 Omnium
404 3054 482 3097 vero
505 3036 668 3097 notissima
686 3043 741 3098 'est
763 3054 881 3100 corona
909 3038 1054 3101 civica.
1076 3037 1134 3113 vl,
1158 3036 1233 3100 772:

161 3142 275 3222 Adqtre
295 3147 439 3205 onrdrata
458 3152 577 3221 perant
598 3146 684 3207 civili
703 3153 843 3220 temporo
864 3165 991 3224 querco.

77 3243 159 3308 Geli.
181 3247 223 3322 V,
246 3248 283 3308 6:
306 3247 439 3310 »Civica
460 3266 578 3310 corona
599 3251 783 3331 appellatur,
809 3267 901 3329 qoam
925 3251 1006 3310 civis
1028 3247 1103 3323 civi,
1124 3267 1143 3308 a
1165 3268 1226 3331 quo
1248 3267 1322 3310 ser-

77 3363 173 3414 vatus
209 3363 259 3415 est
292 3356 322 3416 in
345 3357 485 3436 proelio,
519 3365 634 3417 restem
674 3356 761 3417 vitae
782 3357 960 3435 salnlisque
984 3327 1156 3436 perceptae
1178 3357 1233 3419 dat
1254 3377 1322 3413 -ο

76 3471 267 3543 quapropter
290 3463 320 3523 in
342 3462 446 3524 nuruis
467 3461 688 3542 lapidibusque
709 3461 940 3536 [Ceutralmus.
962 3462 1001 3524 R.
1025 3466 1047 3524 l.
1070 3464 1129 3542 ill,
1151 3462 1242 3542 279.)
1265 3464 1319 3526 in-

76 3568 198 3629 terdum
228 3587 267 3630 ea
307 3568 507 3631 includuntur
537 3571 630 3652 signo
660 3568 697 3632 0.
721 3569 759 3632 C.
782 3570 817 3631 S.
840 3569 858 3629 i.
881 3589 909 3629 e.
935 3570 974 3631 ob
999 3571 1089 3632 cives
1112 3582 1261 3636 servatos
1283 3605 1324 3618 -

75 3678 143 3738 „Ea
168 3679 203 3740 fit
224 3698 243 3740 e
265 3679 376 3741 fronde
396 3699 515 3761 querna
536 3713 577 3724 -
599 3713 640 3725 -
675 3679 854 3740 Massurius
878 3687 984 3739 autem
1008 3679 1146 3740 Sabinus
1168 3682 1199 3742 in
1221 3683 1324 3744 unde·

74 3791 157 3851 eimo
179 3788 326 3850 librorum
349 3791 575 3853 memorialium
598 3789 732 3853 civicam
757 3806 905 3851 coronam
926 3797 991 3849 tum
1012 3786 1079 3849 dari
1094 3789 1218 3850 solitam
1237 3789 1323 3865 dicit,

72 3916 168 3978 quum
191 3896 229 3972 is,
249 3898 302 3977 qui
315 3888 420 3958 civem
441 3906 645 3978 servaverat,
668 3895 780 3958 eodem
804 3905 948 3976 tempore
970 3896 1064 3969 etiam
1086 3896 1211 3958 hostem
1234 3899 1323 3960 occi-

71 4003 173 4079 derat,
193 4024 295 4085 neque
317 4007 420 4067 locum
443 4007 473 4066 in
496 4025 535 4066 ea
549 4024 658 4086 pugna
671 4005 870 4084 reliquerato
915 4002 1065 4081 Quornea
1081 4013 1188 4068 tamen
1204 4023 1323 4069 corona

72 4113 168 4175 eliam
191 4131 285 4174 sacra
309 4112 431 4195 Georg.
453 4112 586 4194 isara:

154 4219 257 4294 Quom
279 4221 389 4282 Cereri
408 4229 490 4281 torto
510 4225 674 4281 redimitos
695 4227 837 4298 temporo
860 4241 980 4302 quercu

156 4330 221 4389 Det
238 4335 344 4388 areolos
365 4333 587 4406 incompositos
608 4332 640 4388 et
660 4332 803 4388 carmina
824 4328 918 4388 dieat.

66 4456 191 4520 Deinde
221 4456 373 4517 victoriae
395 4473 495 4517 causa
521 4473 638 4518 corona
661 4455 892 4518 concedebatur
915 4454 1124 4536 triumphalis.
1168 4453 1254 4519 Geil.
1275 4455 1320 4538 V,

64 4567 103 4628 6:
126 4565 376 4646 „Triumphales
399 4583 537 4626 coronae
559 4573 633 4627 sunt
655 4583 792 4645 aureae,
826 4582 910 4644 qnae
931 4561 1173 4658 imperatoribus
1198 4565 1238 4627 ob
1257 4565 1319 4626 ho·

65 4694 176 4736 norem
213 4672 359 4754 triumphi
395 4675 568 4735 mittuntur.
610 4673 646 4734 ld
679 4674 776 4754 vulgo
810 4672 921 4735 dieitur
955 4689 1066 4732 aurum
1107 4674 1318 4736 coronarium.

66 4781 141 4845 Hae
162 4780 332 4864 antiquitus
354 4801 373 4844 e
396 4782 515 4874 lauru
537 4781 674 4858 luerunt,
693 4787 768 4862 post
788 4777 856 4841 fieri
878 4797 920 4840 ex
941 4796 1018 4839 auro
1034 4776 1205 4858 coeptae.“
1237 4779 1317 4842 Plio.
