3022 5234
192 249 256 309 250
399 228 402 239 ¹
607 251 663 311 De
684 250 785 311 artis
808 249 1013 331 operibns.

192 433 264 494 698.
288 431 421 493 Didonis
435 437 550 510 starem
572 436 703 512 crinem,
745 431 816 494 559.
839 425 988 494 Mercurii
1014 436 1248 511 omousianos,
1271 435 1439 514 inquibus

194 540 310 621 aliquid
333 538 372 601 de
392 541 479 602 oultu
501 542 574 603 aevi
599 542 756 625 Augustei
779 543 864 604 latet.
888 542 1041 603 Horatius
1063 539 1207 621 Pyrrhae
1230 539 1336 602 earm.
1361 543 1437 625 1,5‚

194 650 223 710 4.
244 649 358 710 llavam
383 667 506 710 nomam
529 649 644 710 tribuit.
687 651 788 710 'leste
810 649 936 712 Catone
957 651 1071 724 (Serv.
1094 649 1176 710 Aen.
1198 646 1439 727 1v‚6on.)ma·

193 763 303 816 tronae
327 755 492 817 Romanae
513 756 616 817 crines
637 756 748 835 „davo
771 756 877 818 einero
898 756 1108 836 auctitabant,
1124 764 1159 817 nt
1170 756 1282 817 rutilae
1295 754 1441 818 esseut.“

276 864 367 925 Collo
388 864 514 926 monilia
535 864 603 945 geri
625 863 779 924 solebant.
822 862 937 925 Didoni
959 862 1208 930 Aeneasdonat
1228 865 1255 946 Ι,
1275 862 1355 927 654:

887 971 1037 1051 colloque
1056 972 1171 1032 mouile

279 1083 432 1141 Boeotum
454 1087 486 1140 et
505 1081 659 1158 duplicem
679 1084 812 1157 oemmr'a
834 1099 974 1159 auroque
997 1097 1156 1139 eoronam.

64 1238 68 1242 .
195 1188 298 1270 Virgo
320 1187 385 1250 cir.
410 1188 484 1250 1694

275 1300 352 1358 Nou
372 1303 459 1357 niueo
481 1303 624 1357 retineor
646 1298 756 1357 locuto
777 1296 906 1355 monitio
928 1294 1016 1354 eollo.

193 1406 304 1467 Pueris
327 1405 451 1467 Troiam
475 1405 655 1467 ludentibus
677 1404 723 1485 V,
750 1403 828 1466 5582

765 1512 799 1571 1r
816 1515 945 1586 pectore
971 1529 1094 1570 nummo

277 1621 414 1682 Fleailr'a
435 1623 547 1682 obtorto¹
563 1640 622 1698 per
644 1619 760 1679 collum
780 1619 971 1678 circutos
992 1623 1092 1677 nort.

194 1729 274 1810 vn,
296 1727 376 1793 351:

745 1806 802 1872 mr
815 1808 954 1871 tortile
975 1807 1055 1868 oolla

277 1923 425 1984 Auram
446 1927 561 1998 iuyeue
582 1919 717 1981 coluber.

192 2035 353 2113 Equorum
376 2032 470 2093 etiam
495 2032 567 2103 Vll,
590 2029 666 2093 2782
712 2073 714 2076 .

274 2141 385 2201 Aureo
403 2141 583 2216 pectoribus
604 2140 743 2197 demisso
762 2133 892 2195 manilio
912 2134 1059 2211 pemteut.

274 2248 370 2310 Pueri
392 2247 514 2308 balteos
536 2247 702 2325 bullasque
721 2245 888 2308 habebant.
932 2245 990 2318 lx,
1012 2241 1089 2307 359:

274 2359 442 2436 Euryalus
459 2357 614 2434 phalerae
634 2356 823 2417 Rhamnetis
843 2359 877 2414 et
895 2372 994 2415 aurea
1016 2352 1111 2413 totas

275 2465 414 2542 Ciaqula
437 2499 478 2511 -
499 2497 536 2506 -
562 2497 603 2508 -
627 2495 665 2509 -·

275 2578 365 2638 Haeo
386 2580 473 2654 rapit
491 2577 593 2654 adque
613 2577 733 2634 amoma
754 2575 944 2652 nequiquam
963 2571 1101 2648 fortibus
1123 2576 1219 2648 optat.

192 2714 320 2772 Turnus
342 2710 478 2772 Pallanti
501 2707 609 2770 occiso
632 2711 714 2787 rapit
735 2706 776 2781 X,
801 2703 1213 2781 49621mmaoup0noero
1234 2701 1337 2763 baltei.
1367 2697 1431 2762 Sed

191 2818 264 2899 ΧΠ,
287 2818 366 2878 941ε

446 2898 571 2977 Infelix
592 2916 700 2956 amere
722 2915 793 2955 oum
809 2896 960 2971 adparuit
978 2893 1041 2953 atto

272 3010 405 3070 Balteus
427 3014 459 3066 et
479 3010 561 3065 notia
579 3006 746 3084 fulserunt
764 3003 894 3081 oiuyulo
916 3002 1031 3081 bullae,

274 3117 435 3178 Pallantia
456 3118 556 3185 pueri.

192 3225 244 3288 Cf.
268 3225 311 3307 V,
333 3224 403 3286 312.
426 3226 501 3307 ΧΗ,
522 3223 595 3287 273.
639 3226 736 3286 'l'ales
764 3206 866 3284 bullae
893 3225 926 3283 in
956 3225 1034 3284 artis
1055 3218 1267 3283 monumentis
1287 3232 1430 3281 seneen-

190 3336 252 3396 ties
267 3334 512 3414 conspiciuntur.

759 3479 792 3568 q.
813 3484 865 3546 ar.

612 3636 671 3688 lle
689 3630 793 3687 nrtls
811 3629 1016 3700 operibus.

274 3805 393 3866 Nostro
414 3803 537 3864 demum
560 3811 701 3882 tempore
721 3800 899 3864 didicerunt
919 3802 995 3861 artis
1016 3804 1165 3882 antiquae
1179 3810 1431 3881 perscrutatores

191 3933 239 3982 ea,
263 3929 346 3992 quae
365 3911 473 3971 verbis
495 3911 679 3990 praesertim
702 3919 868 3990 poetarum
892 3931 910 3971 e
932 3918 1207 3973 monumentorum
1231 3912 1309 3972 vivo
1331 3929 1431 3992 aspe-

191 4010 243 4084 otu
263 4021 408 4080 derivata
435 4025 522 4079 tecte
544 4020 656 4098 partim
686 4028 781 4099 atque
811 4019 944 4100 ooeulto,
967 4020 1079 4100 partim
1108 4019 1279 4082 manifesto
1309 4020 1430 4099 insum,

192 4146 301 4190 eruere
321 4138 418 4207 atque
438 4130 469 4187 in
493 4127 594 4187 lnoem
616 4129 813 4205 strictumque
836 4127 937 4206 palam
960 4127 1110 4208 prolerre.
1154 4125 1296 4206 Quorum
1318 4126 1361 4189 ad
1379 4124 1433 4188 fa-

179 4238 281 4297 -bulas
302 4233 505 4315 explicandas
530 4253 695 4313 operaque.
709 4231 864 4293 artificum
886 4233 1025 4311 ipsorum
1046 4231 1281 4313 interpretanda
1301 4230 1380 4296 usus
1400 4233 1431 4295 in

190 4352 336 4426 promptu
359 4353 419 4406 est.
463 4342 680 4402 blnltatamen
702 4350 822 4403 restant
844 4342 1157 4423 edenoriptionibus,
1180 4344 1432 4422 comparationi-

189 4453 250 4514 bus
274 4454 367 4514 etiam
389 4453 586 4534 singulisque
608 4449 753 4510 versibus
767 4451 897 4513 olariore
914 4449 1222 4514 lnoeadumbranda.
1264 4451 1429 4535 Vergilias

192 4578 321 4642 quoque
350 4561 424 4640 quin
451 4559 493 4620 nd
518 4558 702 4621 immensam
723 4558 807 4620 illam
829 4567 862 4619 et
884 4557 1098 4620 aedificiorum
1120 4567 1152 4620 et
1173 4557 1345 4642 imaginum
1367 4568 1429 4621 tan

191 4686 275 4741 aere,
296 4684 384 4748 auro,
406 4674 555 4747 argento,
581 4682 672 4745 quam
694 4665 809 4726 tabulis
827 4664 1006 4728 elfiotarum
1026 4673 1061 4726 at
1079 4674 1337 4731 ornamentorum
1358 4683 1429 4728 om-

192 4777 241 4838 nia
264 4775 390 4857 generis
408 4793 466 4856 per
486 4772 621 4837 Romam
642 4781 805 4855 totamque
833 4775 955 4839 ltaliam
984 4773 1168 4839 diffusorum
1195 4775 1320 4859 copiam
1346 4793 1428 4858 apa·
