3022 5234
484 248 540 309 De
573 245 743 309 aedibus
779 247 983 311 Romanis.
1306 252 1365 318 221

210 429 267 490 lV.
310 427 539 491 Coorrrrcrrrra
576 428 712 508 denique
742 437 776 489 et
816 430 847 490 in
887 430 971 491 omni
1010 432 1077 492 vita
1110 433 1300 512 parsimonia
1328 457 1374 513 ac

128 535 298 619 frugalitas
319 535 490 598 fortitudini
512 540 680 600 coniuncta
703 557 776 600 esse
798 539 931 616 dicitur,
962 558 1054 621 quam
1077 541 1200 621 quidem
1223 564 1286 605 non
1308 558 1373 607 tam

128 644 188 706 illis
209 645 343 706 advenis
364 624 565 728 l’brygibus,
590 665 681 728 quam
703 648 793 709 Italis
814 648 890 728 ipsis
913 648 1041 725 tribuit,
1062 668 1192 730 quorum
1215 652 1278 731 tx,
1299 651 1371 712 607.

125 773 225 829 parco
246 755 377 814 adsueta
397 756 564 832 iuventas,
582 755 631 814 cui
655 766 854 834 comparetur
874 760 1047 836 agrestium
1071 754 1191 839 Georg.
1216 759 1262 838 ll,
1291 754 1368 822 4725

212 859 260 918 Et
275 864 401 935 patiens
422 877 549 934 operum
572 864 751 940 relataeque
771 862 904 921 adaucta
926 866 1080 923 iuventus.

128 965 314 1026 Detestatur
334 972 427 1044 poeta
450 966 515 1046 ΙΙΙ,
537 965 588 1026 57.
609 972 683 1027 curi
702 987 827 1027 sacram
845 971 972 1045 famem.
1015 971 1096 1032 Post
1118 989 1234 1033 aevum
1258 971 1373 1033 Satur-

131 1074 214 1134 nium
237 1072 327 1148 Vlll‚
347 1071 427 1136 327:

210 1182 259 1241 Er
283 1181 357 1239 belli
375 1181 484 1240 redies
500 1186 533 1239 et
552 1200 656 1240 canor
677 1186 835 1242 successit
853 1184 1041 1243 habendi·

128 1288 280 1350 Evander
300 1290 441 1350 Aeneam
463 1288 605 1349 bortatur
632 1288 718 1364 Vlll,
739 1289 815 1351 364:

212 1404 314 1484 Aede,
334 1405 463 1480 bosnec,
486 1411 682 1464 contemnere
703 1425 788 1486 opes,
810 1413 842 1466 et
861 1413 891 1467 te
911 1426 1033 1487 quoque
1056 1408 1187 1483 aliquem

210 1509 315 1587 Finge
335 1512 400 1584 deo,
421 1512 576 1588 rebusque
597 1514 669 1570 cerri
688 1529 752 1570 nco
775 1533 871 1590 caper
892 1518 1009 1590 egenis.
1209 1498 1213 1509 ¹

129 1618 227 1679 Amat
255 1625 362 1696 poeta,
387 1623 420 1675 ut
442 1615 530 1675 brevi
553 1613 664 1687 dicam,
690 1616 861 1698 simplicem
886 1619 1008 1679 cultum
1030 1619 1214 1704 victumque
1236 1644 1372 1703 narrare,

129 1740 164 1791 ut
189 1729 218 1790 in
240 1726 383 1808 Eclogis
411 1728 439 1787 in
461 1726 597 1806 Moreto,
621 1728 650 1787 in
674 1728 724 1788 illo
747 1727 786 1789 de
804 1729 954 1793 Evandro
986 1731 1067 1792 loco.
1110 1735 1242 1817 Aeneae
1263 1715 1370 1797 autem

129 1837 234 1899 omnia
254 1832 418 1915 splendida
440 1852 479 1895 ac
504 1834 673 1915 magnilica
695 1837 814 1898 tribuit.

213 1941 346 2004 Omnino
373 1951 467 2020 poeta
500 1942 530 2002 in
554 1943 602 2004 his
632 1945 804 2007 virtutibus
836 1947 1024 2026 adoptandis
1053 1949 1194 2012 Stoicam
1217 1949 1375 2030 quandam

129 2052 184 2113 vel
205 2051 380 2112 Romanam
409 2052 513 2131 potius
547 2051 679 2114 indolem
711 2063 855 2116 sectatus
892 2064 958 2128 est,
993 2058 1024 2118 in
1061 2077 1265 2136 personarum
1294 2076 1372 2117 vero

129 2156 233 2218 indole
254 2158 457 2239 exprimenda
481 2161 584 2221 minus
612 2179 766 2242 prospero
790 2181 946 2225 successu
968 2183 1047 2227 usus
1069 2174 1130 2227 est.

704 2387 735 2474 p.
761 2391 810 2452 ra.

503 2542 562 2596 lle
580 2543 752 2598 aedibus
771 2543 981 2600 Romanls.

215 2711 351 2774 Aedium
384 2717 576 2796 privatarum
604 2733 658 2794 per
682 2712 856 2775 Aeneidem
879 2712 1211 2794 conformationeque
1233 2732 1274 2774 ex
1298 2713 1371 2774 Hc·

133 2819 571 2882 mericarminibr·sderivata
592 2838 667 2881 esse
687 2828 812 2900 potest,
831 2820 944 2900 quippe
966 2838 1047 2899 quae
1069 2838 1131 2880 oon
1153 2825 1217 2878 tam
1234 2816 1370 2882 dilucida

133 2929 335 3007 expositione
358 2948 414 2991 eas
437 2928 634 3002 describant,
672 2937 708 2990 ut
734 2929 905 3016 imaginem
937 2929 1098 3008 expressis
1126 2928 1217 2991 lineis
1249 2926 1375 2990 ductam

131 3037 236 3095 animo
266 3038 387 3115 concipi
414 3041 526 3114 liceat,
562 3057 664 3116 neque
685 3058 705 3099 c
737 3035 934 3100 Graecorum
957 3037 1049 3099 domo
1071 3039 1256 3117 posterioris
1287 3046 1371 3099 tem-

131 3147 229 3222 poris,
253 3147 342 3207 cuius
364 3148 447 3208 nulla
469 3145 692 3227 conspicienda
713 3156 786 3208 suot
806 3149 958 3230 vestigia.
990 3144 1073 3225 Quid
1097 3166 1173 3207 vero
1194 3145 1262 3205 veri
1284 3145 1374 3205 siml-

130 3249 210 3330 lius,
242 3269 338 3330 quam
367 3263 481 3334 poetae
503 3260 600 3317 rnenti
620 3255 799 3317 habitacula
821 3265 852 3316 et
875 3256 1021 3317 cubicula
1044 3275 1103 3330 ea,
1132 3254 1247 3337 quibus
1273 3256 1371 3317 vitam

132 3356 285 3442 degebat,
317 3362 505 3444 magnificas
527 3363 597 3422 illas
620 3362 900 3441 constructiones,
935 3380 1015 3443 quas
1037 3361 1164 3424 cottidie
1196 3361 1297 3422 oculis
1321 3362 1373 3423 in·

132 3468 289 3551 tuebatur,
312 3470 356 3530 ita
381 3469 553 3548 insedisse,
590 3478 624 3530 ut
655 3468 687 3528 vi
718 3468 853 3550 quadam
881 3472 1014 3532 naturali
1045 3469 1253 3550 familiarique
1274 3467 1314 3530 ad
1335 3487 1374 3531 ea

133 3579 349 3641 adumbranda
372 3588 549 3660 cogeretur.
592 3576 633 3636 Et
655 3594 766 3636 revera
790 3579 835 3638 ita
857 3588 984 3658 queunt,
1006 3579 1066 3638 nisi
1089 3576 1235 3638 consulto
1251 3577 1375 3638 Roma-

133 3705 205 3747 num
228 3686 319 3747 malis
339 3686 370 3744 in
393 3683 522 3746 Graeca
545 3683 704 3765 quaelibet
725 3682 886 3765 abripere,
917 3684 959 3747 ad
980 3688 1115 3767 patrium
1137 3703 1255 3745 morem
1276 3704 1375 3745 revo-

135 3795 216 3870 cari,
239 3803 272 3855 ut
292 3813 312 3855 a
335 3794 433 3874 primo
458 3793 581 3852 introitu
604 3792 642 3852 ad
666 3806 838 3853 extremum
861 3810 965 3873 usque
988 3796 1108 3854 exitum
1131 3795 1223 3874 quasi
1245 3792 1376 3872 conspi-

132 3911 222 3965 rante
244 3910 275 3963 et
297 3901 432 3964 conflato
454 3917 615 3961 consensu
640 3904 744 3962 omnia
766 3900 956 3979 conspirent.

215 4034 353 4095 Primum
372 4035 478 4094 statim
500 4032 619 4094 limen
640 4035 744 4094 sancti
767 4031 839 4111 quid
859 4032 889 4092 in
905 4050 941 4093 se
956 4032 1153 4117 continebat3
1176 4034 1281 4096 limine
1301 4035 1373 4116 pelli

132 4126 256 4202 summa
277 4141 450 4204 habebatur
472 4141 554 4201 civis
576 4139 711 4201 Romani
733 4141 857 4201 iniuria.
891 4138 959 4200 Cic.
976 4159 1032 4220 pro
1051 4138 1179 4203 Caecin.
1205 4143 1253 4207 12.
1274 4148 1301 4214 §.
1318 4141 1375 4204 ³5:

135 4249 300 4330 „Quaero,
334 4252 361 4311 si
392 4258 424 4312 te
454 4250 547 4311 hodie
575 4248 701 4310 domum
730 4258 814 4308 tuam
844 4245 1027 4308 redeuntem
1050 4248 1154 4309 coacti
1176 4246 1317 4308 homines
1342 4253 1374 4306 et

134 4360 245 4419 armati
266 4378 328 4419 non
350 4357 442 4418 modo
465 4358 569 4418 limine
593 4364 742 4436 tectoque
765 4353 888 4416 aedium
910 4363 1049 4429 tuarum,
1090 4354 1149 4416 sed
1169 4356 1269 4435 primo
1289 4351 1376 4414 aditu

133 4468 357 4547 vestibuloque
385 4463 614 4545 prohibuerint,
650 4461 723 4544 quid
752 4471 879 4524 acturus
907 4464 984 4525 sisa
1035 4463 1176 4527 luvenal.
1203 4462 1268 4542 ΙΙΙ,
1298 4459 1375 4525 124:

134 4562 279 4635 »Limine
300 4573 521 4635 submoveant
564 4570 642 4632 lude
664 4573 787 4633 'l'urnus
811 4577 947 4654 queritur
968 4575 1043 4654 Vll,
1066 4574 1144 4656 579³
1166 4582 1171 4594 '

216 4685 354 4764 Stirpem
376 4685 545 4744 admisceri
564 4682 751 4761 Phrygiam,
775 4703 811 4743 se
832 4683 938 4745 limiae
956 4683 1042 4761 pelli.

135 4790 256 4875 Georg.
279 4793 320 4876 ll,
341 4784 422 4853 510:
