3022 5234
613 244 672 307 De
691 247 815 327 regia.
1319 251 1340 310 ll

100 447 103 452 ’
179 427 253 487 Res
272 425 390 510 Anius,
412 448 485 489 rere
504 415 973 505 idem-hominum'Pltoebique
993 432 1164 490 sacerdo
1172 453 1200 491 a.

98 530 200 592 Cuius
215 531 319 592 'moris
340 531 460 594 nullum
481 529 567 613 opud
579 532 755 594 Homerum
769 530 916 592 invenies
926 534 1120 612 exemplum,
1146 537 1231 616 apud
1244 557 1339 620 quem

96 655 193 720 reges
214 656 414 720 nequaquam
437 640 516 701 certi
536 638 670 700 alicuius
689 642 827 701 numinis
848 640 1205 706 existant-sacerdotes.
1228 646 1339 730 Magis

96 746 198 808 etiam·
213 745 374 809 mirandus
395 748 558 811 Rhamnes
578 749 638 827 lX,
661 746 746 814 3272

177 855 270 916 Bere
289 857 372 916 idem
391 863 422 916 et
442 861 512 934 cepi
536 858 641 918 Turno
660 861 868 935 gratissimus
888 877 1030 934 augur.

98 961 221 1040 Quibus
235 962 266 1024 si
286 962 372 1024 lubet
393 959 511 1022 addere
532 963 651 1042 poteris
664 961 761 1047 regis
769 961 888 1042 Latini,
910 960 1065 1034 Evandri,
1079 962 1211 1024 aliorum
1226 983 1339 1048 rogum

98 1069 138 1132 de
151 1071 254 1133 sacris
269 1089 385 1134 curam.
408 1069 500 1148 Quae
522 1071 757 1151 quamtotiens
778 1079 956 1150 occurrant,
983 1090 1046 1132 nou
1069 1069 1258 1151 opinandum
1279 1080 1342 1152 cst,

96 1180 278 1240 memoriam
300 1179 406 1238 levem
430 1195 595 1240 sacrorum
626 1199 646 1240 e
673 1176 809 1242 Graecis
843 1184 948 1260 poetis
978 1181 1154 1243 delibatam
1188 1180 1343 1262 originem

97 1283 236 1357 dedisse,
259 1284 319 1347 sed
342 1304 437 1366 quum
458 1286 591 1348 Aeneae
611 1305 769 1368 personae
791 1289 959 1353 manifesto
986 1290 1165 1354 subiectum
1195 1292 1237 1352 sit
1265 1291 1338 1351 Au-

98 1394 184 1476 gusti
206 1393 364 1472 pontilicis
385 1393 514 1456 maximi
541 1396 723 1475 exemplar,
746 1415 840 1478 quum
861 1395 997 1477 denique
1018 1399 1142 1479 publica
1163 1416 1257 1460 sacra
1279 1398 1342 1460 iarn

98 1521 154 1583 per
181 1519 276 1584 reges
302 1503 466 1566 Romanos
494 1512 578 1566 toste
607 1505 701 1568 Livio
730 1506 778 1586 ll,
808 1506 839 1568 2.
863 1506 936 1568 olim
956 1508 1019 1569 sint
1040 1509 1201 1571 lectitatur
1233 1505 1342 1588 ponti-

99 1607 175 1670 licia
194 1627 333 1673 cure-ac
353 1608 495 1692 dignitas
515 1611 674 1694 integram
694 1613 806 1696 regiae
834 1621 957 1695 partem
979 1614 1133 1678 effecisse
1155 1624 1207 1677 est
1229 1616 1344 1678 existi-

182 2287 267 2346 lnter
288 2288 377 2368 regis
398 2287 537 2369 insignia
558 2297 633 2352 ante
655 2288 761 2350 omnia
777 2288 877 2349 aedes
891 2289 1042 2348 excelsae
1063 2294 1161 2365 atque
1181 2285 1262 2345 inter
1285 2301 1345 2344 cc-

101 2399 240 2453 terorum
272 2402 475 2472 praestantes
503 2396 634 2475 primum
677 2394 922 2456 locum·teneut.
971 2393 1123 2454 Attamen
1145 2391 1283 2454 Romani
1305 2390 1346 2452 de

99 2501 320 2580 antiquissima
340 2502 542 2582 simplicitate
563 2502 737 2585 gloriantes
758 2502 886 2564 Romuli
907 2518 1016 2563 casam
1039 2500 1346 2563 straminibus'con-

100 2605 322 2687 fectamipsam
355 2610 476 2691 regiam
502 2609 651 2672 videntur
679 2611 868 2691 appellasse.
912 2610 1015 2690 eram
1037 2610 1201 2692 Vergilius
1223 2626 1346 2673 memo-

101 2722 150 2778 rat
169 2715 262 2797 Vnt,
282 2715 362 2777 654:

183 2823 397 2903 Romuleoque
416 2845 527 2886 recena
547 2828 698 2888 horrebat
715 2832 825 2904 οομὶα
848 2828 960 2888 culrno.

101 2930 151 2991 cui
171 2947 339 3011 compares
359 2932 523 3011 aptissime
546 2932 634 2996 0vid
652 2933 742 2998 Fast.
764 2934 821 3008 lli,
846 2932 919 2994 133:

185 3037 277 3116 Quoue
297 3039 393 3101 fuerit
414 3043 528 3114 nostri,
550 3041 579 3102 si
600 3041 737 3123 quaeris,
760 3041 873 3122 regia
894 3041 973 3124 nati,
1012 3038 1020 3074 ·’

264 3145 406 3229 Adspice
427 3147 468 3209 do
489 3165 591 3210 canna
611 3148 879 3229 straminibusque
900 3148 1037 3210 domum.

101 3253 255 3318 Eiusdem
291 3259 359 3321 fere
394 3278 493 3341 purae
528 3269 560 3323 et
588 3262 789 3343 incorruptae
819 3262 940 3323 formae
969 3271 1064 3342 pocta
1095 3262 1236 3325 Evandri
1262 3265 1349 3346 regis

104 3361 231 3424 domum
259 3376 366 3428 mente
396 3368 530 3429 linxisse
552 3369 781 3432 existimandus
811 3380 870 3447 est,
903 3370 955 3449 qui
977 3390 1039 3431 non
1061 3370 1129 3430 sine
1150 3371 1243 3436 animi
1266 3393 1348 3455 qua-

103 3474 176 3538 dam
199 3477 334 3540 elatione
356 3480 397 3542 ad
420 3483 562 3544 Aeneam
584 3483 676 3564 vlll,
697 3482 776 3544 362:

92 3589 96 3599 ’
367 3603 373 3619 ‘
446 3595 547 3670 Haec,
573 3600 685 3674 inquit,
710 3597 820 3656 lintion
840 3600 939 3656 victor

185 3696 317 3758 Alcides
336 3702 471 3777 subibat,
494 3701 573 3761 llaec
594 3701 687 3762 illum
708 3707 823 3778 repis
845 3707 935 3780 cepit.

44 3798 48 3805 ’
93 3804 166 3867 ‘Cui
196 3812 231 3866 ut
251 3807 282 3866 in
303 3806 391 3867 vitae
411 3807 618 3886 suppellectili
641 3817 861 3890 apparatuque
883 3809 928 3870 ita
949 3809 980 3870 in
1005 3800 1202 3873 habitatione
1221 3810 1349 3892 opponit

103 3934 215 3999 regem
244 3915 394 3976 Latinum
426 3912 459 3974 in
485 3915 569 3974 omni
596 3933 715 3996 genere
744 3914 941 3977 ditissimum.
991 3917 1033 3979 Ei
1057 3937 1119 3980 non
1148 3935 1256 3981 casam
1287 3920 1350 3980 ali-

105 4041 199 4104 quam
224 4029 279 4083 aut
300 4021 497 4101 speluncam,
521 4038 584 4101 qua
605 4029 757 4102 moretur,
779 4023 931 4102 attribuit,
955 4023 1013 4086 sed
1034 4024 1113 4104 vll,
1136 4026 1213 4088 170:

192 4129 320 4189 Tectum
340 4133 522 4203 augustum,
543 4131 669 4207 ingena,
689 4134 816 4186 centum
836 4128 968 4187 sublime
989 4129 1162 4190 columnia

191 4236 276 4297 Urbe
293 4236 361 4315 suit
379 4255 513 4313 summu,
535 4235 711 4296 Mareotis
732 4239 846 4311 repta
867 4237 948 4296 Pici.
1057 4251 1059 4255 ’

106 4342 208 4416 [Vide
228 4343 384 4423 picturam
407 4342 597 4405 Vaticanum
618 4342 649 4403 in
662 4342 773 4404 Millin.
786 4342 915 4420 mythol.
940 4340 1059 4408 Galler.
1071 4343 1150 4405 Tab.
1165 4342 1348 4406 CLXXVI.

106 4443 164 4515 bis.
186 4470 238 4512 m.-
253 4449 343 4522 ool.)
931 4510 937 4521 ,

165 4591 169 4599 -
209 4554 273 4625 cui
302 4565 443 4646 Augusti
469 4565 605 4625 subesse
626 4564 776 4646 palatium
802 4568 865 4627 iam
888 4566 1025 4630 Servius
1047 4563 1164 4626 vidite
1180 4561 1350 4642 »Domum

105 4691 204 4752 quam
222 4674 262 4735 in*
272 4671 398 4735 Palatio
420 4669 558 4733 diximus
579 4672 624 4734 ab.
640 4659 791 4757 A'ugusto
816 4676 946 4753 factam,
968 4692 1025 4754 per
1047 4674 1215 4734 transitum
1229 4667 1351 4740 laudat,

107 4790 203 4862 quam
236 4780 328 4861 quasi
349 4779 380 4842 in
402 4779 628 4843 lraurolavinio
660 4781 760 4844 luisse
795 4787 1049 4846 commemorat«
1109 4777 1267 4842 Immerito
1294 4795 1351 4838 re-
