3022 5234
140 258 199 321 iti
634 259 688 320 De
709 260 891 325 navibus.

134 441 274 502 Nonnisi
289 437 429 500 sedecim
446 438 540 521 igitur
556 449 688 518 restant,
709 460 833 524 eaeque
850 462 951 525 paene
972 463 992 506 a
1012 445 1118 508 Turrro
1136 447 1197 526 IX,
1219 444 1270 508 72.
1287 465 1380 508 com·

134 548 249 610 hustae
271 549 349 610 miro
371 558 485 629 poetae
505 549 635 610 invento
651 550 720 626 IX,
747 551 843 612 80-
856 551 924 613 lat.
952 553 984 613 in
1008 555 1164 635 nymphas
1185 555 1281 616 maris
1304 574 1377 617 mu·

135 665 247 719 tantur.
276 660 416 739 Quarum
438 680 501 722 nna
524 662 566 734 X,
585 661 658 724 225.
681 660 808 725 Graeco
831 664 957 725 nomine
974 663 1169 741 Cymodocea
1190 664 1378 746 appellatur.

135 765 238 844 Quam
260 770 396 832 fabulam
418 779 521 832 utrum
544 770 708 852 Vergilius
730 791 750 832 e
769 789 828 832 suo
849 770 993 854 ingenio,
1024 791 1065 834 an
1093 791 1112 831 o
1134 772 1295 834 voinmine
1316 773 1379 835 aii-

134 893 196 956 quo
220 876 396 940 oblitterato
417 879 565 948 hauserit,
590 898 651 939 non
673 886 807 939 constat.
853 878 907 941 Ait
928 877 1055 960 quidam
1080 879 1136 955 IX,
1158 879 1211 941 79.
1240 912 1243 917 -

89 979 91 983 ’
216 985 330 1045 Prisco
348 989 428 1063 fider
446 990 541 1064 facto,
564 988 623 1047 ced
637 988 728 1066 samo
746 991 906 1062 perennia.
983 1019 985 1023 ·

134 1088 343 1169 quiveram,
376 1100 411 1152 ut
440 1091 596 1153 obscurus
623 1095 750 1152 omnino
780 1100 846 1168 est,
882 1093 926 1152 ita
953 1091 1021 1152 miri
1051 1089 1172 1179 inventi
1202 1091 1377 1155 exerrsandi

135 1215 233 1260 causa
254 1197 379 1260 additus
399 1216 476 1261 csse
499 1197 631 1260 videtur.
673 1199 948 1263 Servius-saltem
970 1217 1042 1267 cum
1064 1200 1269 1280 interpretum
1291 1201 1378 1261 anti·

132 1309 356 1387 quissimorum
376 1307 469 1369 turba
488 1307 592 1368 simiie
613 1307 770 1389 quidpiam
798 1328 859 1369 non
887 1310 1024 1389 repperit
1046 1309 1086 1370 ad
1108 1310 1169 1387 IX,
1197 1309 1249 1369 82.
1273 1309 1377 1375 adnu-

134 1423 221 1476 tans:
246 1415 472 1497 „Frgmentum
494 1416 555 1478 hoc
578 1415 652 1477 iicet
674 1420 834 1496 poeticum
855 1416 910 1496 sit,
930 1419 1132 1498 tamencum
1151 1418 1296 1498 exemplo
1318 1434 1377 1480 ca·

135 1531 198 1600 ret,
232 1536 359 1588 notatur
391 1546 410 1588 a
438 1523 591 1592 criticis.“
642 1529 677 1588 ln
711 1535 856 1607 promptu
876 1534 1098 1600 tameo-sunt,
1129 1545 1213 1607 quaa
1237 1528 1378 1590 Maronia

133 1635 390 1715 imaginationem
412 1637 451 1700 ad
474 1638 539 1699 tale
560 1637 746 1718 figmentum
769 1633 1008 1714 compulerunt,
1035 1633 1192 1714 imagines
1220 1635 1295 1699 iiiaa
1316 1655 1378 1699 na·

133 1749 220 1809 vium
251 1751 283 1810 in
310 1747 441 1826 picturis
469 1745 764 1820 Herculanensibus
791 1744 1056 1824 Pompeianisque
1085 1744 1164 1807 satis
1194 1745 1377 1827 frequentes

132 1850 421 1929 (Antichd'i'drcoi.
432 1853 613 1926 rimata),
622 1871 751 1931 quarum
764 1869 874 1932 prorae
885 1851 1041 1913 ocmoeom
1050 1850 1252 1914 humanorum
1265 1854 1375 1918 fornia

132 1972 319 2045 exsurgunt,
341 1961 528 2041 nominaque
549 1958 747 2022 Graecorum
770 1963 939 2040 praecipue
960 1960 1130 2022 triremium
1147 1978 1375 2041 saepenumero

132 2089 153 2131 a
175 2070 295 2132 deabus
315 2068 507 2150 nymphisve
533 2065 696 2129 deductae.
748 2065 980 2145 Aristophanes
1004 2084 1129 2148 quaque
1155 2069 1253 2149 equit
1284 2068 1373 2131 131³.

133 2178 276 2239 triremes
299 2170 487 2259 παρθένους
507 2176 687 2256 appellavit.
735 2173 786 2238 cf.
816 2173 968 2253 picturam
995 2173 1184 2236 Vaticanum
1205 2178 1238 2236 in
1260 2176 1373 2244 Mihin.

133 2285 263 2367 mythol.
293 2280 412 2347 Galier.
435 2282 512 2344 Tab.
541 2280 726 2344 ChXXVi.
747 2301 792 2343 nr.
817 2279 891 2343 652.
939 2279 1091 2343 Ceterum
1118 2299 1215 2362 quum
1244 2282 1372 2346 Aeneas

132 2414 171 2457 eo
192 2395 263 2456 ioco
286 2411 396 2456 omnes
418 2409 520 2453 naves
538 2389 707 2471 perdiderit
727 2391 786 2468 (cf.
807 2392 866 2466 IX,
889 2389 979 2470 128),
1001 2388 1144 2453 dubitare
1159 2388 1275 2472 aliquis
1292 2409 1373 2471 pos·

131 2507 186 2581 sit,
208 2500 365 2586 quomodo
386 2501 484 2562 altero
505 2499 559 2559 die
580 2500 622 2574 X,
647 2497 718 2559 147:
893 2554 896 2560 .

504 2608 614 2670 Medio
634 2607 763 2669 Aeneas
780 2610 867 2688 freto
889 2614 981 2669 nocte
1000 2608 1137 2670 recedat.

131 2733 152 2781 a
173 2719 354 2781 Tarchonte
375 2716 492 2779 auxilia
512 2715 676 2796 petiturus.
704 2714 773 2777 Sed
794 2714 835 2777 ad
856 2715 1041 2784 Evandrum
1062 2716 1175 2778 Aenea
1195 2735 1252 2798 per
1273 2716 1372 2777 'l'ihe-

131 2829 188 2889 rim
210 2836 306 2888 vecto
329 2843 430 2887 naves
457 2835 581 2888 ceterae
611 2833 752 2887 mutatae
785 2833 886 2893 erant
935 2826 1056 2895 Postea
1083 2823 1213 2909 quidem
1242 2824 1373 2888 foedere

130 2949 202 2996 cum
223 2931 403 2993 Tarchonte
429 2938 559 3011 peracto
581 2930 624 3010 X,
652 2930 724 2991 155:

211 3041 355 3104 Classem
377 3039 563 3099 conscendit
582 3041 781 3115 inaniscens
803 3038 907 3118 Lydio
928 3043 1027 3101 dicem

214 3150 363 3210 decemo
385 3149 552 3207 commisso
572 3148 652 3208 daci.
694 3146 816 3207 Aeneia
834 3151 953 3225 puppis

210 3258 322 3320 Primo
341 3260 435 3328 tenet,
458 3260 561 3314 rostro
583 3253 744 3330 Plirypioo
764 3255 934 3314 cndinncto
955 3254 1082 3333 leoneo;

211 3366 360 3425 Imrrtinet
379 3363 441 3423 Ina
461 3381 569 3443 snper,
588 3363 737 3441 prosapia
756 3364 944 3439 pronissime
968 3362 1106 3443 Teneris.

129 3477 184 3553 qui
211 3488 328 3533 versus
359 3469 499 3530 fortasse
527 3489 566 3530 eo
596 3477 739 3548 tempore
769 3469 985 3548 scriptionum,
1015 3489 1076 3552 quo
1093 3456 1371 3549 mutationavium

130 3581 298 3643 ldaearum
320 3573 373 3641 'vol
394 3577 529 3642 nondum
553 3581 657 3642 animo
681 3585 748 3640 erat
771 3587 928 3658 concepta
949 3579 1001 3640 vei
1019 3577 1125 3641 deleta
1139 3579 1211 3641 iam.
1240 3581 1371 3646 Novam

129 3709 209 3753 vero
232 3689 313 3751 hanc
335 3689 473 3749 classem
495 3686 672 3769 triginta
693 3685 822 3746 navium
844 3686 943 3747 fuisse
961 3685 1110 3748 videmus
1131 3689 1177 3768 X,
1196 3686 1276 3753 ata:

215 3796 272 3856 Tot
291 3796 366 3856 'lecti
382 3815 532 3873 proceres
554 3802 602 3854 ter
624 3796 715 3854 denis
735 3794 867 3854 nocitus
889 3797 978 3855 idam
1247 3782 1250 3787 ⁴

208 3903 355 3965 Subsidio
381 3903 501 3978 Troice,
522 3909 553 3963 et
574 3921 702 3980 compos
723 3903 803 3962 cnla's
825 3923 899 3964 nere
918 3907 1077 3969 accubant.

129 4011 194 4090 Qui
214 4029 364 4072 numerus
386 4029 480 4092 quum
502 4010 532 4071 in
553 4008 769 4072 Romanorum
791 4010 939 4073 institutis
960 4012 1053 4075 fuerit
1069 4010 1214 4096 insignia,
1237 4033 1258 4075 a
1274 4022 1371 4095 poeta

127 4138 190 4181 non
209 4119 279 4181 sine
300 4121 422 4180 ratione
442 4114 619 4201 adhibetur.
662 4115 747 4178 Audi
769 4118 851 4177 enim
872 4119 898 4198 Ι,
920 4116 995 4179 tou:
1020 4117 1136 4198 [iulus]

212 4228 327 4304 Tripi
332 4232 401 4287 nto
422 4242 554 4300 mnpnco
574 4222 733 4283 volvendis
754 4225 914 4285 mensibus
937 4228 1022 4286 ordia

207 4338 336 4413 Inperio
356 4332 502 4410 explente,
524 4349 719 4409 repnnmqne
740 4333 779 4391 nd
799 4333 874 4391 aede
894 4332 1012 4393 Lacina'

212 4444 406 4524 dicesseret,
430 4446 462 4499 et
480 4440 607 4515 lonqom
629 4440 728 4499 arentin
750 4443 781 4499 oi
799 4443 921 4501 montet
940 4440 1065 4502 Anam.

126 4578 172 4640 111
206 4576 285 4641 390:

176 4622 344 4747 ,Litoreia
365 4689 478 4762 inpeno
499 4688 626 4746 invento
642 4688 705 4749 snb
726 4687 851 4750 ilicitna
872 4709 943 4760 ane,

211 4797 398 4874 Tripinto
418 4801 557 4878 comtum
573 4799 663 4880 seina
682 4801 782 4860 eramo
802 4801 925 4860 incedit.
