3022 5234
479 249 536 320 iio
566 253 844 318 sacrifibttndi
865 250 1018 316 rit'i'btis'.
1312 243 1372 312 ΙΝ

127 456 231 523 neque
253 429 423 526 cogeretur
445 422 486 502 ati
508 432 640 500 niorteni
664 432 869 516 sribe‘nndam,
898 434 957 496 sed
980 434 1070 514 quasi
1092 429 1152 494 strd
1173 437 1288 512 sponte
1309 428 1377 493 tien·

127 568 203 613 sese
228 532 368 612 offerret.
393 536 569 610 Cioenthu‘s
589 540 635 618 ⁴V,
657 539 734 606 236:

217 659 313 718 Vobis
335 657 438 716 laetus
460 676 516 731 epo
538 656 597 714 lior
622 656 808 714 condentem
831 656 865 712 itt
889 651 980 711 litore
1000 658 1129 711 taurum

215 765 469 826 constituam
490 768 584 823 aute
604 781 708 821 aros.

128 873 187 949 Vl,
210 870 289 933 243:
926 949 929 952 ἡ

211 968 369 1053 Quattuor
393 966 446 1038 tto
467 981 605 1056 primum
628 960 789 1053 niproutir
810 983 901 1053 terpo
921 979 1071 1036 iuvencos

210 1087 456 1152 Constituit.

128 1194 190 1275 IX,
212 1193 291 1254 627:

209 1302 259 1362 ut
276 1308 455 1362 statuam
477 1308 573 1363 ante
594 1319 690 1360 oras
712 1304 827 1360 aurato
845 1301 954 1377 fronte
975 1303 1151 1359 iuvencum.

128 1410 259 1470 Aeneas
280 1427 368 1470 suern
391 1409 483 1488 Vnt,
504 1408 560 1485 85:

213 1493 342 1597 Mootat
359 1536 456 1577 erroro
475 1519 587 1595 serens
608 1521 640 1575 et
660 1533 731 1577 eum
752 1524 851 1590 prope
871 1500 991 1573 sistit
1011 1497 1062 1573 ad
1080 1499 1199 1572 arom.

130 1622 293 1689 Sacerdos
315 1624 390 1703 ΧΠ,
417 1622 491 1683 171:

416 1730 625 1811 Admonitqtre
643 1753 744 1811 perus
761 1735 975 1813 [irrorantibus
996 1733 1074 1792 aris.
1141 1732 1143 1735 ’

130 1837 332 1920 Quapropter
354 1854 453 1898 cornu
476 1814 656 1901 ducebatur.
681 1818 802 1920 Georg.
824 1834 870 1916 lt,
891 1819 970 1900 39'5:

216 1927 265 2010 ΕΙ
297 1932 448 2009 ductos
475 1965 600 2008 oorurr
631 1949 761 2008 stabit
779 1954 873 2010 raoer'
893 1949 1029 2027 tironos
1051 1927 1233 2006 tid-arom.

129 2034 224 2134 duod
245 2040 389 2120 Maerob.
411 2054 468 2136 111,
491 2042 520 2117 5¹.
543 2056 586 2114 ita
609 2034 764 2133 explicate
795 2032 1027 2116 oiibservatum
1050 2061 1102 2115 est
1138 2054 1157 2113 o
1188 2046 1375 2114 sacrifican-

130 2165 225 2245 tibus,
254 2176 313 2246 ιιι,Ι
328 2163 357 2223 si
376 2141 494 2243 bestia,
521 2180 607 2242 quae
636 2161 771 2224 aderas
802 2158 990 2243 duceretur,
1010 2160 1127 2224 fuisset
1152 2152 1376 2221 vehementius

129 2273 298 2351 reluctata,
323 2269 592 2351 ostendissetque,
605 2287 642 2330 se
655 2271 788 2331 invitam
811 2270 961 2332 altaribus
970 2268 1148 2349 admoveri,
1161 2256 1378 2357 amoveretur,

130 2383 206 2462 quie
228 2380 327 2440 invito
351 2380 411 2440 deo
430 2377 537 2440 offerri
559 2396 631 2439 earn
660 2377 822 2457 putabant.
854 2377 945 2454 Quae
965 2374 1072 2439 autem
1101 2365 1295 2438 stetisset
1318 2379 1378 2439 ob-

131 2488 208 2567 late,
230 2486 312 2548 bano
333 2486 452 2545 volenti
473 2485 591 2545 numini
613 2468 679 2545 dari
708 2470 961 2547 existimabant«
999 2484 1106 2546 Cornu
1127 2474 1276 2545 vietimas
1307 2485 1379 2548 duni

132 2593 218 2656 baud
240 2611 311 2654 raro
334 2592 363 2652 in
387 2591 599 2653 monumentis
623 2591 752 2652 obvium
778 2600 836 2655 est.

214 2701 243 2760 4.
286 2699 421 2761 Hostiae
447 2700 492 2760 ita
520 2697 678 2761 adductae
701 2701 775 2760 vino
798 2700 828 2760 in
856 2699 990 2789 frontem
1011 2692 1069 2760 vei
1087 2685 1169 2760 inter
1190 2700 1307 2762 noinua
1329 2701 1379 2760 in-

132 2810 206 2872 fuso
227 2802 410 2889 probatio
433 2808 655 2889 peragebatur.
696 2809 862 2891 'iuvencos
883 2808 944 2890 VI,
968 2804 1045 2869 244:

215 2910 388 2981 Constituit
403 2920 569 2996 frontique
590 2920 726 2993 irroerpr't
748 2920 821 2976 nina
844 2918 1004 2976 sacerdos.

133 3025 187 3086 ubi
209 3024 361 3085 Servius:
384 3024 439 3082 oio
462 3029 574 3102 quarto
597 3023 677 3096 (61.)
699 3023 758 3082 eit:
793 3021 903 3081 Media
924 3026 1007 3081 inter
1030 3042 1150 3084 cornera
1175 3016 1293 3103 stendit.
1337 3010 1384 3086 Εἰ

133 3129 266 3192 sundere
287 3138 338 3191 est
359 3134 473 3210 supine
494 3149 587 3191 manu
604 3131 714 3213 libare,
737 3130 819 3211 quod
833 3129 868 3190 iit
888 3130 916 3190 in
932 3131 1034 3192 saeris
1056 3134 1214 3213 superma,
1237 3144 1376 3213 vergere

132 3249 237 3302 eutem
261 3246 311 3300 est
334 3255 491 3300 conversa
511 3239 542 3298 in
563 3237 724 3299 sinistram
746 3243 868 3317 partem
890 3241 984 3298 mann
1005 3240 1050 3299 ita
1068 3227 1213 3320 fundere,
1225 3250 1258 3301 ut
1267 3250 1376 3320 patera

133 3356 350 3426 convertatur,
373 3344 457 3426 quod
483 3345 514 3405 in
535 3345 665 3406 infernis
693 3347 795 3406 s'aoris
822 3344 867 3405 tit.
910 3346 1003 3405 Haeo
1025 3349 1129 3406 autem
1162 3349 1317 3427 pertinent
1339 3351 1379 3411 ed

132 3456 333 3515 victimarum
354 3453 616 3532 explorationem,
639 3461 684 3526 ut,
708 3453 817 3514 sinon
840 3458 1029 3534 stupuerint,
1061 3463 1157 3534 aptae
1179 3455 1378 3535 probenturo

131 3561 333 3642 Sequebatur
355 3556 468 3620 deinde
489 3558 645 3619 salsarum
678 3547 804 3641 frugum
823 3559 876 3620 vei
899 3562 1002 3622 motae
1023 3562 1132 3623 salsae
1153 3563 1185 3623 in
1208 3572 1305 3647 otpnt
1327 3565 1379 3625 in-

132 3671 239 3744 iectio,
260 3687 344 3749 quae
365 3667 489 3747 proprie
511 3667 669 3728 inmolatio
690 3669 875 3731 vocabatur.
915 3672 1034 3732 Postea
1056 3669 1246 3732 vocabulum
1269 3673 1380 3731 immo-

132 3779 208 3837 iatio
229 3774 270 3837 de
291 3776 360 3854 ipsa
383 3773 577 3835 mactatione
602 3774 720 3836 dictum
744 3785 803 3836 est.
826 3760 966 3840 Festus:
989 3777 1105 3857 „Mola
1127 3777 1222 3839 etiam
1245 3786 1380 3838 vocatur

132 3885 183 3945 far
201 3893 319 3944 tostum
342 3888 375 3942 et
398 3883 467 3942 sale
488 3898 647 3963 sparsum,
671 3880 756 3962 quod
777 3900 815 3942 eo
839 3884 945 3944 inolito
968 3883 1095 3946 hostiae
1128 3882 1380 3966 aspergantur-‘⁴

95 4048 99 4053 .
132 3984 332 4053 Memoratae
353 3990 415 4049 iarn
435 3988 564 4068 saepius
586 3996 663 4049 sunt
685 3989 728 4067 ΙΙ,
752 3988 821 4056 133.
843 3988 972 4053 Sinonis

137 4104 140 4110 '
216 4100 264 4160 ut
282 4098 390 4159 salsae
406 4094 524 4175 fr'ttpee
545 4102 577 4155 et
596 4100 713 4164 circum
735 4104 876 4176 tempora
897 4074 1000 4163 vittae.

134 4207 211 4287 xit,
236 4203 310 4265 172:

216 4315 273 4374 rttr·
291 4315 535 4390 adsumentem
556 4316 703 4374 o'onoersr'
722 4310 843 4375 lomina
864 4317 962 4377 solem

215 4425 308 4484 Dant
322 4425 440 4503 smper
459 4423 605 4486 manuos
625 4425 744 4485 robae.

132 4504 197 4614 IV,
214 4514 306 4594 517'2'

214 4641 293 4719 Ipso
313 4639 397 4701 molo
417 4636 625 4717 monitorque
642 4641 706 4714 piis
728 4640 843 4700 altorio
864 4645 960 4701 iusto
983 4673 1021 4684 -

223 4729 371 4811 Testatur
391 4749 547 4809 moritura
567 4745 651 4824 deos.
