3022 5234
501 257 555 319 De
577 257 809 323 venatione.

135 442 205 503 Hos
226 459 289 502 reon
308 443 450 502 inutisaia
471 441 614 513 canam,
637 454 709 515 noa
723 441 868 500 caesione
887 437 967 499 allia

138 549 334 608 Puniceaece
355 552 479 623 uqitant
494 549 627 625 pauidos
644 544 813 625 formidine
830 547 961 623 pinnac·
1033 538 1036 543 ⁴

53 652 106 715 ubi
128 653 279 716 Servius:
302 653 475 728 ‚fluentas
496 655 515 714 i.
536 670 563 718 e.
585 650 733 713 actinosa
776 650 829 713 cf.
851 651 931 713 Aen.
952 651 1035 727 xri,
1055 650 1132 718 749:
1158 656 1163 665 ’

138 763 301 823 Inclusum
322 762 420 823 veluti
439 763 594 842 siquando
612 765 744 840 stamine
758 768 880 823 »nactus

136 875 268 937 Uereom
291 880 349 934 aut
362 877 515 950 puniceae
536 878 679 950 caeptum
697 872 866 949 formidine
884 873 1008 948 pinnae

143 983 283 1042 Venator
306 1000 405 1043 cnrcn
426 984 515 1042 canis
534 986 568 1042 et
586 980 754 1042 latratibus
776 984 884 1040 instat.

55 1125 141 1189 quae
166 1108 280 1189 pinnae
312 1106 342 1168 io
368 1106 497 1170 funibus
524 1107 566 1171 ad
595 1104 759 1171 terrendas
786 1104 908 1169 bestias
934 1101 1019 1165 fixae
1048 1097 1203 1161 dicuutur.
1244 1101 1297 1163 Da

56 1214 192 1277 canibus
217 1210 292 1275 ibid.
316 1212 395 1276 409:

140 1320 244 1399 Saepe
264 1325 358 1381 etiam
378 1339 479 1383 cursu
499 1321 624 1382 tiaer'dor
645 1319 781 1395 aqitadio
804 1335 952 1397 anoqroc,

139 1429 188 1490 Et
207 1427 339 1491 canibus
360 1427 507 1507 morem,
528 1430 660 1490 camena
680 1429 833 1489 venabere
853 1427 1015 1503 damam

141 1534 246 1613 Saepe
267 1535 440 1599 volutabris
458 1535 571 1611 puteos
592 1535 793 1596 uiaestribuc
814 1552 912 1611 apros

143 1643 280 1704 Latratu
304 1643 443 1704 uranus
463 1661 572 1719 metro,
596 1646 773 1722 mentuque
789 1661 849 1721 per
870 1642 953 1703 attae

139 1751 304 1826 Inqentern
325 1751 462 1813 elamore
479 1769 606 1829 premes
627 1753 670 1811 ad
688 1755 769 1811 retia
790 1770 923 1813 caraem.

59 1877 187 1941 Cervos
209 1880 304 1941 etiam
326 1889 460 1975 venatur
482 1881 612 1944 Aeneas
634 1883 664 1956 1,
700 1880 888 1945 184-193.
915 1880 1042 1963 sagittis
1069 1879 1175 1942 missis
1202 1880 1304 1961 iuius,

58 1987 111 2067 qrri
132 1994 231 2050 artem
253 1992 450 2073 venatoriam
470 1988 550 2067 (W,
571 1989 761 2066 156-159.)
781 1999 884 2072 amat,
918 1990 999 2071 Vll,
1025 1987 1204 2052 tec-500.
1226 2007 1303 2052 cer·

58 2110 136 2154 vum
159 2094 282 2157 Silviae
303 2095 424 2160 sternit.
454 2097 609 2178 'l'empora
629 2097 760 2160 hiberno
780 2107 876 2179 poeta
892 2097 935 2160 ait
943 2095 1065 2179 Georg.
1078 2094 1104 2175 1,
1119 2093 1191 2158 act.
1213 2103 1301 2160 tem·

63 2218 126 2281 pus
152 2219 242 2263 esse:

147 2309 225 2370 nm
243 2310 378 2385 procidua
395 2312 526 2388 pedicae
546 2315 579 2371 et
597 2314 678 2371 retia
698 2328 817 2388 ponere
836 2312 953 2392 cercis,

144 2413 338 2494 Auritosquc
357 2418 449 2495 requi
467 2415 608 2493 leporem
629 2422 696 2477 turn
712 2420 812 2495 pipere
832 2417 987 2496 wmmas,

145 2521 287 2603 Stuppea
307 2531 501 2605 torquentem
521 2526 669 2588 Balearic
689 2527 821 2587 verbera
839 2527 973 2603 fundu.

63 2656 100 2717 lu
121 2676 218 2719 versu
238 2660 294 2722 illo
315 2660 378 2735 IV,
402 2659 476 2724 121:

144 2766 231 2826 Dum
251 2770 411 2844 trepidant
430 2769 544 2847 alae,
575 2768 740 2847 saltusque
759 2772 773 2828 i
778 2769 832 2828 nd
835 2788 880 2845 aq
888 2772 953 2830 ine
973 2771 1115 2843 cinqunt.

62 2896 188 2977 quidam
210 2906 402 2980 putaverunt
419 2901 528 2963 inesse
549 2902 700 2966 rationem
722 2902 937 2964 obscuriorem
958 2900 1000 2963 ad
1021 2909 1170 2982 quattuor
1192 2900 1301 2963 officia

63 3008 103 3069 ab
125 3007 247 3070 Isidoro
270 3011 314 3088 X,
335 3009 406 3072 282.
427 3020 617 3075 memorata:
661 3011 882 3094 „Venetorum
910 3019 1014 3073 autem
1052 3022 1126 3077 suut
1159 3020 1309 3096 quattuor

64 3114 181 3177 officia:
204 3119 434 3199 vestigatores,
468 3116 749 3201 indagatores,
780 3118 987 3195 alatores,
1008 3114 1214 3199 pressores.“
1257 3116 1309 3185 Cf.

65 3220 160 3283 Serv.
183 3229 268 3284 auct.
295 3218 336 3282 ad
358 3230 498 3283 nostrum
519 3224 635 3286 locum.
677 3222 745 3284 Sed
770 3241 884 3284 vereor
918 3241 958 3282 aa
985 3230 1101 3304 poetae
1134 3219 1309 3287 intrudatur

66 3326 209 3390 doctrina
235 3327 391 3409 quaedam
420 3329 548 3409 spinosa
577 3341 609 3390 et
638 3337 791 3394 contorta
839 3327 961 3407 Quodsi
995 3347 1071 3391 vero
1100 3332 1310 3395 instrumenta

64 3450 252 3517 enumeres,
275 3441 398 3498 varium
418 3454 521 3520 genus
542 3435 655 3518 vides,
688 3436 786 3517 retia,
819 3453 952 3517 casses,
978 3434 1130 3515 pedicas,
1160 3436 1310 3521 laqueos,

65 3541 197 3626 plagas,
221 3544 397 3627 venabula,
420 3547 547 3629 pinnas,
570 3545 717 3626 fundam,
742 3544 864 3606 viscum
886 3560 1061 3625 canesque,
1084 3543 1128 3603 ita
1151 3551 1185 3603 ut
1207 3543 1310 3605 omnia

66 3645 136 3708 fere
156 3650 292 3713 venandi
314 3653 446 3715 artificia
467 3673 485 3715 a
506 3661 602 3735 poeta
622 3661 730 3716 nostro
752 3657 818 3715 sint
839 3660 1094 3715 commemorata.
1138 3649 1233 3728 Quod
1252 3670 1312 3712 ne·

66 3773 223 3837 quaquam
257 3759 368 3821 mirum
398 3759 501 3822 videri
523 3767 665 3842 oportet,
695 3761 842 3842 quoniam
864 3759 1011 3840 antiquos
1033 3757 1143 3821 italiae
1163 3759 1311 3841 populos,

69 3881 248 3946 quanquam
279 3870 389 3929 rabida
421 3873 520 3946 tiqres
548 3869 720 3929 absentet
749 3889 845 3929 caeca
870 3868 995 3927 ieonum
1016 3864 1147 3928 Semina
1174 3865 1312 3949 (Georg.

68 3975 109 4051 11,
131 3975 220 4053 151.)
249 3997 344 4055 asper
364 3983 448 4039 aicta
468 3985 601 4041 cenatus
623 3979 727 4040 cubat
745 3977 836 4057 Vlss,
857 3976 927 4039 318.
972 3973 1024 4041 cf.
1047 3976 1125 4057 vu,
1147 3973 1224 4038 746:

150 4074 292 4146 Horrida
308 4091 480 4164 praecipue
500 4089 552 4146 cui
567 4104 662 4170 qens,
683 4088 877 4164 adsuetaque
897 4083 996 4144 mutto

156 4194 281 4254 Venatu
302 4212 473 4268 nemorum,
498 4194 588 4255 duris
610 4191 790 4273 Aequicula
807 4191 938 4269 qloebis.

68 4325 115 4387 IX
149 4325 228 4389 605:

118 4371 128 4407 '
156 4434 281 4495 Veneta
301 4432 470 4509 inaiqilant
484 4434 588 4510 pueri,
611 4429 771 4511 atraque
787 4431 939 4510 satiqant..

70 4563 206 4630 Omnino
217 4566 354 4649 igitnret
368 4562 532 4632 eveneris
540 4561 712 4626 venatricis
719 4561 828 4629 habitu
835 4560 967 4639 Aeneae
975 4552 1312 4637 obviaol‚315-³2t.,

68 4694 112 4737 ex
130 4672 189 4740 lda
210 4673 371 4737 vanatuce
393 4673 455 4757 IX,
478 4670 566 4753 177„
601 4670 736 4737 Camilla
756 4670 844 4755 ipsa,
873 4687 893 4730 e
921 4667 1093 4731 venatione
1114 4667 1180 4731 libri
1201 4667 1305 4748 primi,

71 4782 173 4865 quarti
202 4788 235 4845 ct
263 4781 406 4865 septimi,
435 4800 454 4843 a
482 4775 768 4863 comparationibus
794 4775 834 4840 da
854 4773 1061 4839 venatoribus
1081 4775 1236 4874 institutis
1254 4775 1315 4849 IX,
