3022 5234
191 240 253 305 238
693 238 750 299 De
774 237 935 319 nuptiis.

191 431 298 504 nupta,
318 424 390 484 sive
412 429 447 484 ut
476 428 566 484 casta
587 437 729 502 puraque
750 419 792 482 ad
813 421 915 481 virum
936 419 1078 496 veniret,
1099 419 1171 482 sive
1195 428 1230 482 ut
1251 419 1360 502 ignom
1381 430 1435 484 at-

190 548 253 611 que
275 549 389 609 aquarn
410 547 479 591 oum
501 529 570 588 viro
592 525 876 589 communicarem
909 527 1050 592 Festus:
1072 528 1225 610 „Patrlmi
1247 536 1281 589 et
1301 528 1438 590 matrimi-

189 639 278 718 pueri
299 637 493 716 praetextati
513 645 581 696 tros
602 635 771 696 nubentem
795 633 973 717 deducunt,
994 654 1075 696 unus
1096 636 1149 715 qui
1170 636 1276 698 sanem
1295 637 1437 718 praefert

190 767 232 808 ex
254 748 343 826 spina
364 745 452 825 alba,
483 745 556 825 quia
588 752 681 804 noctu
719 743 896 815 nubebant,
928 742 991 805 duo
1021 746 1075 823 qui
1095 751 1207 807 tenent
1227 739 1434 807 nubentem.‘.‘

189 857 334 937 Denique
356 857 503 919 Paullus:
528 853 630 934 uRapi
652 851 823 930 solatiari,
847 866 909 932 qua
931 852 1134 932 praelucente
1154 871 1238 914 nova
1254 860 1355 933 nupta
1375 851 1436 913 de-

191 963 286 1024 duola
308 970 375 1042 est,
407 961 447 1022 ab
476 959 618 1040 utrisque
638 960 763 1033 amicis,
793 975 832 1019 ne
855 966 910 1019 aut
931 978 1012 1019 uxor
1035 977 1105 1020 earn
1126 959 1186 1021 sub
1208 961 1292 1022 teoto
1314 961 1374 1021 viri
1396 979 1436 1022 ea

190 1080 285 1132 noete
304 1078 414 1151 ponat,
440 1077 497 1130 aut
517 1068 566 1128 vir
584 1069 615 1128 in
638 1068 809 1148 sepulchro
832 1066 1075 1129 comburendam
1097 1074 1199 1143 curet,
1219 1085 1280 1147 quo
1301 1075 1437 1148 utroque

189 1196 276 1239 mors
297 1178 474 1258 propinqua
495 1176 624 1237 alterius
647 1176 767 1256 captari
793 1172 910 1240 solet“
953 1175 1007 1237 Ad
1038 1193 1120 1256 quos
1151 1177 1231 1237 ritus
1251 1177 1321 1239 aine
1342 1175 1437 1238 dubio

190 1295 318 1367 spectat
339 1292 435 1367 poeta
454 1285 515 1366 lV,
539 1284 599 1345 167
607 1304 615 1347 a

552 1391 690 1454 Fulsere
706 1395 825 1469 aquea
846 1398 880 1452 et
896 1395 1043 1453 conamus
1064 1393 1174 1452 aetber

274 1501 456 1563 connubia.

193 1605 307 1691 Eulog.
329 1608 424 1691 Vlll‚
439 1608 494 1674 ²9:

272 1717 397 1793 Mopse,
420 1737 520 1778 uooaa
540 1721 644 1779 incide
661 1720 773 1797 facea:
803 1720 861 1778 tibi
879 1719 1007 1777 ducitur
1026 1734 1121 1775 umor.

191 1824 273 1886 Aen.
298 1823 468 1902 V11‚319:

724 1938 795 1998 Neo
812 1939 888 2016 soce
908 1941 1032 1996 tantum

276 2046 396 2106 Cisseis
415 2063 581 2123 praeputio
602 2047 716 2120 iunio
737 2048 836 2103 ruina
857 2041 1036 2119 iugalia,⁸

276 2152 362 2226 Ouio
381 2157 462 2214 idem
489 2155 611 2216 Veneri
627 2160 743 2230 portua
762 2172 844 2214 auus
864 2158 897 2212 et
913 2153 1012 2213 Paria
1032 2151 1123 2224 alter,

273 2261 498 2342 Fuueotuepue
520 2266 632 2321 iterum
653 2261 790 2320 recidiva
812 2263 846 2317 iu
866 2261 1027 2336 Perpamo
1047 2260 1197 2318 taedae.

193 2365 382 2448 Quanquam
403 2367 455 2428 bio
484 2367 590 2448 potius
611 2365 751 2428 fabulam
775 2362 935 2427 Graecam
958 2365 1106 2447 tetigisse
1127 2371 1222 2445 poeta
1242 2361 1432 2423 existiman·

192 2473 253 2536 dus
274 2489 335 2536 est.
376 2473 445 2536 Sod
463 2474 528 2536 buo
546 2473 683 2555 pertinet
704 2473 756 2534 illa
771 2475 917 2551 pronubo
935 2477 1033 2550 pirum
1056 2470 1120 2534 Cir.
1141 2470 1211 2533 438.
1233 2470 1296 2531 iarn
1312 2489 1434 2534 mamo-

193 2592 271 2644 rata.

276 2691 375 2750 Porro
400 2693 534 2753 leatus
562 2683 868 2781 genialisparari
889 2691 1021 2753 solebat.
1062 2691 1141 2754 Inde
1161 2693 1302 2774 queritur
1325 2691 1435 2774 Saylla

194 2797 257 2860 Cir.
279 2797 357 2860 4392

275 2907 346 2966 Neo
369 2905 469 2984 Libys
490 2903 628 2982 Assyrio
647 2913 810 2967 sternetur
830 2909 1013 2968 lectulus
1034 2913 1128 2969 ostra

195 3012 289 3074 Hune
310 3020 465 3072 memorat
485 3021 639 3079 memorat
660 3014 742 3075 Dido
764 3016 825 3096 tv,
846 3017 927 3081 496:

184 3110 188 3117 ’
358 3120 571 3198 Emuor’aaque
592 3125 693 3180 onmia
715 3123 942 3205 tectumque
961 3127 1144 3203 iupolem,

278 3227 348 3303 Quo
367 3233 461 3308 perii,
482 3233 742 3308 superinpouout.

190 3337 241 3398 De
262 3337 365 3417 epulis
386 3335 505 3399 dietum
526 3348 576 3399 est
598 3339 658 3418 vt,
679 3339 761 3402 603:

705 3447 838 3509 Luceni
853 3449 1033 3525 yeuialibus
1054 3450 1128 3511 alb'e

271 3552 383 3614 Aureo
399 3553 511 3633 fulcro
532 3557 619 3613 toris.
1107 3552 1114 3572 ‘

190 3656 244 3719 nbi
267 3659 418 3722 Servius:
460 3660 578 3722 evoluti
601 3661 798 3744 genialibus,
837 3682 921 3725 nam.
936 3665 1080 3745 geniales
1105 3665 1228 3746 proprie
1250 3675 1325 3755 sunt
1348 3667 1438 3748 leoli,

193 3763 245 3844 qui
266 3772 445 3825 sternuntur
469 3767 580 3846 puellis
604 3768 815 3843 nubentibus,
844 3768 959 3830 diutia
981 3770 1172 3851 generandis
1193 3770 1338 3838 liberis.“

272 3888 476 3951 Canebautur
498 3889 592 3952 etiarn
615 3892 756 3954 carmina
770 3893 968 3956 ll’esoennina
991 3902 1064 3956 ante
1086 3895 1182 3972 fores,
1204 3914 1287 3976 quae
1305 3906 1441 3981 tangere

187 3994 311 4058 videtur
334 4004 427 4077 poeta
450 3998 508 4073 tv,
533 3998 599 4062 168.
623 3998 663 4059 de
686 3999 817 4060 Aeneae
840 4010 872 4061 ot
894 3999 1027 4063 Didonis
1049 4003 1261 4065 matrimonio:

274 4103 465 4186 Summaque
489 4107 659 4167 ulularunt
678 4111 792 4167 vertice
812 4108 990 4186 Nymphae.

187 4210 380 4273 'l'alassio
411 4215 506 4275 etiam
540 4213 726 4274 vocabatur.
770 4212 821 4275 ct.
845 4214 940 4276 Serv.
982 4214 1022 4277 ad
1051 4208 1134 4281 Aen.
1166 4219 1194 4299 1,
1221 4217 1302 4283 651:
1339 4221 1444 4281 „Hine

192 4320 287 4382 etiarn
308 4319 392 4401 apud
414 4320 579 4384 Romanos
595 4323 740 4383 Talassio
761 4326 939 4384 invocatur.
975 4323 1080 4401 Quum
1102 4325 1183 4387 euim
1207 4326 1238 4386 iu
1258 4335 1355 4409 raptu
1377 4327 1442 4390 Sa-

192 4429 333 4492 binarum
352 4430 494 4510 plebeius
516 4428 642 4509 quidam
665 4439 786 4510 raptam
809 4431 1041 4512 pulcherrinam
1066 4431 1206 4515 dirueret,
1225 4454 1265 4494 ne
1287 4436 1317 4497 ei
1333 4439 1443 4498 auler-

191 4547 278 4599 retur
301 4540 339 4599 ab
362 4540 445 4621 aliis,
484 4540 679 4600 'l'alassioois
705 4560 774 4601 earn
806 4541 898 4603 ducis
918 4543 1031 4605 nobilis
1053 4562 1128 4606 esse
1150 4545 1326 4629 simulavit,
1348 4549 1440 4611 ouius

190 4647 316 4708 nomine
338 4647 395 4708 fuit
416 4648 542 4727 puellae
565 4655 633 4708 tuta
656 4649 849 4730 virginitasm
875 4651 1004 4711 Paullus
1024 4659 1128 4712 autern
1152 4672 1193 4713 ex
1214 4653 1331 4716 Festo:
1353 4657 1442 4732 „Ta-

186 4755 361 4817 lassionem
383 4756 413 4816 in
443 4756 559 4835 nuptiis
587 4755 691 4816 Varro
719 4758 765 4816 ait
794 4756 921 4839 signum
951 4776 1028 4820 esse
1057 4759 1202 4844 laoiliaii3
1235 4759 1441 4827 talassionem
