3022 5234
128 238 170 302 58
373 239 431 299 Do
451 237 639 316 cohorte,
662 235 855 317 maniplo,
878 235 953 313 ala,
978 245 1116 300 turmo.

130 421 327 483 Memoratur
348 420 423 496 Vll,
447 420 529 483 ⁷10:

216 531 291 592 Una
310 534 424 609 iuuene
445 531 612 592 Ainiterua
633 531 780 590 cohors
797 531 960 608 priscique
982 526 1132 601 Quirites.

128 637 306 716 Usurpulur
327 636 367 699 de
390 645 514 719 septem
534 645 656 700 tautum
677 636 828 698 militibus
848 635 891 716 X,
911 633 992 697 828:

210 745 258 806 Ni
272 747 415 824 fratrum
434 745 552 823 stipulo
575 745 716 806 oolam
733 747 821 825 soret
838 745 936 817 οὐσία,
960 744 1084 808 Pherai

212 855 401 935 Progenies,
422 860 573 932 reptem
595 871 775 925 numero,
798 859 990 933 reptansque
1009 852 1073 912 tela

207 960 389 1023 Cominium.

130 1071 229 1129 Immo
252 1069 309 1143 xl,
331 1067 404 1129 500.
427 1066 467 1128 de
487 1074 589 1128 turma
612 1067 752 1147 equitum
774 1065 942 1129 Camillam
963 1067 1151 1128 uomitusue:

460 1175 563 1250 θυαηι
584 1183 649 1237 totu
670 1177 817 1237 cohors
838 1179 960 1236 imitata
980 1175 1103 1236 relatio

213 1281 270 1343 Au
287 1287 405 1343 terrum
425 1285 563 1362 desluoeit
579 1287 679 1363 equis.

129 1388 303 1452 Cohortem
324 1408 404 1450 vero
427 1389 467 1450 de
487 1393 678 1471 equitatu
694 1407 822 1470 quoque
842 1393 875 1450 in
894 1389 1001 1472 lingua
1014 1388 1228 1451 Romanorum
1247 1386 1370 1448 militari

130 1501 205 1584 diui,
227 1500 340 1561 iamin
362 1499 439 1561 libro
462 1518 545 1581 meo,
571 1500 623 1580 qui
645 1499 837 1562 inscribiturt
876 1496 1156 1559 Centralmuseum
1178 1495 1371 1558 rheinliandi-

128 1608 223 1670 soher
243 1608 435 1670 lusohriilen
456 1609 513 1669 lll.
535 1609 634 1668 Bono.
660 1606 749 1667 tola.
771 1625 801 1686 p.
816 1606 867 1666 86.
890 1605 941 1666 his
963 1603 1119 1686 exemplis
1141 1603 1368 1666 demonstravi.

129 1712 259 1780 Gruter.
293 1714 455 1796 Mcvtu,
484 1717 514 1776 5.
543 1713 658 1790 [Orell.
683 1714 809 1788 3398.]:
852 1713 1012 1776 Pithon.
1037 1713 1153 1777 COH.
1187 1712 1371 1776 ultimum.

129 1823 193 1903 EQ
203 1825 331 1887 Vl'l'A
343 1823 453 1885 'PAR
477 1822 565 1885 CIV.
577 1823 684 1887 ROM.
697 1826 755 1886 IN.
770 1822 912 1888 uultu.
925 1823 1194 1906 tunuluouu,
1217 1823 1321 1898 DXL,
1332 1822 1371 1886 5:

129 1929 284 1995 cnon.
328 1935 353 1994 1.
384 1933 483 1996 Aur.
514 1932 617 2015 nu,-
660 1932 755 1995 oren
787 1931 879 1994 1549:
929 1932 1092 1995 nunno.
1132 1931 1244 1995 con.
1280 1916 1370 1994 Vn'i.

129 2036 365 2104 'l'llRACth
387 2038 649 2118 EQVl'l'Vlll.
668 2041 834 2117 Aerll,
854 2038 955 2100 heho.
979 2039 1057 2100 257:
1072 2039 1149 2117 EQ.
1172 2038 1370 2103 EXCOH.

128 2146 153 2206 1.
174 2145 508 2231 mummium:
529 2148 688 2226 nunu.
711 2147 788 2212 co.
804 2133 876 2213 tiu.
895 2145 1025 2212 nnnc.
1048 2147 1204 2209 Ammiau.
1226 2147 1369 2208 namen.

89 2350 92 2356 .
128 2250 222 2333 XIV,
242 2252 274 2334 2,
301 2251 355 2314 12:
379 2257 649 2336 »equestrium
669 2257 850 2320 adiumento
873 2256 1138 2321 cohortiumu

211 2386 354 2449 Minores
378 2390 492 2453 deinde
504 2392 620 2453 milites
635 2392 854 2474 manipulis
877 2391 1132 2469 continebantur3
1146 2388 1275 2452 OEuoius
1288 2388 1370 2450 onim

128 2496 160 2557 in
180 2502 277 2557 sexto
298 2494 338 2557 do
360 2516 394 2557 re
414 2497 539 2558 militari
560 2496 667 2560 docuit
689 2505 771 2559 teste
789 2496 894 2561 Gellio
910 2497 1003 2577 XVI,
1016 2498 1050 2557 4:
1077 2496 1131 2557 uln
1153 2496 1281 2576 legione
1293 2503 1369 2556 sunt

129 2604 292 2665 centuriae
313 2606 494 2690 sexaginta,
508 2608 657 2689 manipuli
679 2608 818 2690 triginta,
837 2608 985 2670 cohortes
997 2607 1138 2671 decemo
1158 2604 1260 2685 Legio
1272 2606 1371 2686 igitur

128 2711 254 2793 quando
275 2713 336 2775 tria
358 2713 442 2774 milia
463 2714 664 2797 continebat,
694 2716 874 2795 manipulus
898 2726 966 2779 erat
986 2725 1113 2778 centum
1133 2713 1285 2792 militum,
1318 2720 1371 2773 to-

129 2819 227 2883 tidem
249 2821 358 2902 itaque
380 2829 457 2900 quot
472 2825 628 2904 centuria,
641 2824 668 2883 si
681 2841 794 2884 nomen
812 2832 1013 2905 spectamus3
1034 2833 1068 2885 et
1087 2821 1372 2904 reveraVegetius

128 2929 173 3008 ll,
186 2927 418 2992 lucentulam
430 2937 463 2992 et
483 2932 676 3012 manipulum
698 2951 762 2994 uon
777 2931 955 3014 distinguit,
967 2928 1226 3012 atquelsidorus,
1244 2930 1300 3008 qui
1321 2930 1371 2989 lo-

108 3037 257 3120 .ginnem
278 3055 338 3098 sex
359 3037 479 3099 milium
500 3040 561 3119 tx,
583 3037 615 3120 3,
636 3038 686 3102 th.
711 3048 866 3113 numerat,
887 3039 1052 3119 manipulo
1074 3036 1231 3102 ducentos
1252 3036 1369 3099 milites

128 3143 290 3226 adsignat.
308 3143 405 3223 Apud
426 3144 574 3207 Cincium
584 3164 664 3207 voro
685 3151 829 3209 centuria
850 3145 978 3211 dimidia
1000 3147 1103 3212 sulum
1124 3145 1275 3226 manipuli
1287 3163 1371 3225 pars.

127 3252 294 3334 Attamen,
316 3258 352 3312 ut
365 3260 466 3313 utres
488 3269 525 3312 se
547 3251 696 3333 habeant,
719 3271 821 3334 neque
841 3256 875 3315 in
894 3253 1052 3333 manipulo
1065 3254 1229 3335 Vergilius
1249 3251 1292 3315 nd
1313 3272 1370 3314 re-

128 3360 237 3440 gulam
265 3366 297 3419 et
321 3362 475 3421 amussim
507 3367 557 3420 est
587 3360 795 3426 resecandus.
846 3362 903 3426 llis
935 3372 1058 3429 tantum
1086 3366 1170 3429 luno
1196 3381 1312 3427 vooem
1343 3365 1373 3423 iu

128 3467 272 3530 Aeneide
296 3470 391 3533 habet
411 3473 470 3552 xl,
492 3469 570 3533 46³:

218 3606 277 3684 Tu,
304 3604 434 3685 Voluoe,
457 3609 580 3666 armari
603 3607 790 3668 Volscorum
812 3608 900 3667 edice
921 3605 1133 3681 nianiplie.

128 3715 190 3795 xl,
210 3710 289 3774 870:

212 3822 407 3900 Dialectique
428 3823 527 3884 duona
548 3822 742 3901 desolatique
762 3821 937 3898 manipli

216 3932 301 3991 Tuta
318 3936 440 4008 petunt.

128 4040 339 4106 Centuriones
360 4051 477 4118 tamen,
499 4038 532 4103 id
553 4049 615 4123 est,
647 4048 777 4102 centum
801 4037 933 4100 militum
955 4037 1098 4120 magistri
1122 4036 1294 4100 manifesto
1315 4037 1365 4096 si-

131 4150 322 4233 gnificantur
349 4147 410 4230 IX,
434 4146 506 4208 lot:

216 4288 276 4348 Bis
297 4291 415 4363 neptem
438 4282 562 4361 Rutuli,
586 4301 695 4343 muros
715 4282 772 4361 qui
788 4282 886 4341 milite
906 4287 1045 4360 eeroeut,

176 4388 179 4394 ’
212 4391 355 4470 Deleoti,·
377 4396 431 4451 oet
449 4389 523 4448 illos
542 4393 706 4448 centeni
726 4408 879 4469 quemque
899 4395 1061 4450 eeouulur.

128 4531 180 4595 ubi
204 4526 354 4593 Servius:
379 4521 618 4585 ”centurionum
640 4521 767 4582 soiliuet
786 4541 827 4582 ex
850 4540 937 4583 more
959 4521 1126 4586 Romanae
1147 4519 1305 4580 militianm

212 4659 424 4722 Communem
459 4652 543 4714 illum
574 4661 607 4714 et
633 4650 846 4714 indistinctam
880 4652 1145 4735 significationem
1181 4649 1277 4711 hahet
1308 4669 1375 4713 vox

134 4787 260 4850 quoquo
281 4767 378 4846 alae,
401 4781 495 4844 quam
517 4761 557 4824 do
579 4759 739 4842 equitibus
753 4761 954 4840 potissimum
971 4759 1112 4822 adhiberi
1121 4755 1283 4841 viileoxl,
1294 4759 1376 4821 604:
