3022 5234
133 254 175 316 48
633 247 692 309 lle
712 246 881 312 vexillo.

131 436 198 517 Vl,
219 434 257 499 8:
294 432 472 498 »Celeriter
494 431 593 493 nostri
616 431 755 493 clamore
776 429 902 492 sublato
922 429 986 511 plla
1006 427 1037 491 in
1058 428 1171 491 hostes
1193 427 1379 491 inmittunt«

127 547 211 608 Hirt.
240 543 278 606 ll.
307 543 399 621 Hisp.
427 537 487 602 30:
529 537 708 601 nl'roelium
740 537 879 600 clamore
909 536 995 601 facto
1020 537 1253 599 committitur«
1306 538 1379 598 biv.

128 650 255 730 xxut,
280 649 333 710 to:
364 643 558 706 „Marcellus
582 645 679 725 signa
701 661 830 725 canere,
858 643 1094 724 clamoremque
1115 644 1192 725 tolli,
1222 661 1263 709 ao
1283 644 1381 726 pedi·

129 768 181 818 tes
209 760 343 837 primum
364 785 405 799 -
427 785 469 797 —
489 769 655 832 erumpere
682 751 798 812 iubet«
848 750 949 832 Vlll,
982 748 1040 814 38:
1070 751 1142 826 „At
1168 751 1300 814 lreroule
1328 752 1381 815 illo

129 864 182 928 die
209 865 250 925 ab
279 861 358 924 bora
386 859 447 922 diei
479 857 572 921 tertia
603 856 644 919 ad
673 865 821 920 octavam
850 857 895 919 ite
923 874 1042 937 anceps
1072 857 1185 922 dicitur
1206 868 1379 924 ¹oertnmen

54 1000 57 1004 ·
130 973 278 1053 stetisse,
306 978 343 1033 ut
367 987 472 1051 nequo
497 968 638 1047 clamor,
667 973 703 1027 ut
722 968 826 1047 primo
848 964 948 1027 semel
970 981 1126 1029 concursu
1150 974 1202 1030 est
1225 969 1382 1056 sublatus,

128 1083 261 1145 iteratus
282 1078 341 1156 sit,
370 1095 474 1158 neque
496 1076 589 1156 signa
609 1080 754 1155 promota
779 1072 850 1134 loco
880 1079 1009 1133 retrove
1037 1071 1227 1155 recepta.“·
1266 1073 1378 1156 Veget

129 1190 265 1272 lll,18:
294 1186 451 1269 „Clamor
471 1191 596 1264 autem,
628 1201 722 1263 quem
744 1181 894 1243 barritum
916 1190 1052 1258 vocant,
1087 1183 1176 1262 prius
1198 1200 1260 1243 non
1291 1180 1375 1245 debe

129 1297 246 1378 attolli,
283 1313 378 1377 quam
408 1296 495 1356 acies
523 1299 656 1371 utraque
687 1308 726 1352 se
756 1290 906 1353 iunxerit.
960 1289 1183 1370 lmperitorunr
1213 1289 1296 1352 enim
1326 1291 1379 1353 vel

129 1410 319 1487 ignavorum
342 1407 403 1474 est,
426 1398 598 1460 vociferari
619 1396 660 1458 de
680 1396 790 1479 longe,
812 1414 905 1477 quum
927 1394 1040 1457 hostes
1061 1396 1166 1479 magis
1180 1403 1365 1460 terreantur

130 1512 251 1574 sicum
273 1510 403 1572 telorum
426 1507 491 1570 ictu
513 1506 658 1570 clamoris
678 1507 788 1568 horror
808 1508 1018 1571 accensuit«
1366 1474 1377 1514 '

704 1735 739 1825 §.
760 1742 811 1804 24.

636 1900 695 1952 De
712 1897 875 1953 vexillo.

220 2068 304 2133 Relli
336 2069 419 2130 inter
455 2068 612 2129 'l'roienos
654 2046 817 2148 Italusque
847 2069 951 2130 exorti
983 2068 1102 2131 initium
1130 2068 1212 2131 libri.
1228 2066 1382 2132 Aeneidis

137 2176 246 2241 octavi
268 2176 458 2238 describitur
479 2174 627 2237 versibus
646 2175 771 2256 primis:

220 2286 267 2348 Ut
285 2286 384 2345 belli
408 2289 571 2363 eiqnum
593 2284 754 2344 Laurenti
777 2284 907 2344 Turnus
935 2286 978 2345 nb
1008 2304 1102 2346 nroe

220 2393 255 2454 Ε
261 2398 337 2453 ctu
349 2391 383 2451 12·
389 2397 419 2472 t,
436 2397 469 2451 et
487 2410 588 2451 rauco
609 2395 818 2467 strepuerunt
838 2408 957 2450 omniuo
978 2396 1087 2461 contu,

221 2500 327 2580 thue
347 2503 434 2560 ucria
454 2503 617 2560 concussit
637 2517 747 2578 equos,
769 2505 867 2579 utque
887 2499 1004 2577 inpulit
1024 2518 1128 2577 orma,

216 2609 390 2686 Extemplo
412 2611 531 2671 turbati
550 2613 657 2670 animi.

134 2744 221 2807 Belli
240 2746 368 2816 eipnurn
388 2758 452 2800 non
473 2746 532 2812 est,
556 2739 640 2821 quod
662 2741 737 2804 tuba
758 2740 850 2804 datur
871 2743 929 2804 sed
950 2743 1103 2806 vexillum
1124 2743 1262 2824 rubrum,
1296 2742 1380 2824 quod

132 2867 192 2931 pro
213 2867 319 2910 rerum
340 2857 428 2911 stetu
449 2851 482 2910 in
504 2849 662 2931 Capitolio
684 2852 852 2934 Romano,
880 2852 965 2914 urbis
987 2870 1078 2936 arca,
1108 2853 1161 2914 vel
1189 2850 1280 2913 ducis
1307 2857 1381 2912 ten-

132 2961 214 3020 torio
236 2957 309 3019 sive
330 2959 487 3038 praetorio
509 2959 751 3040 proponebatur.
786 2961 853 3023 lam
876 2959 1030 3022 Servius:
1061 2960 1125 3040 „Si
1147 2969 1238 3022 esset
1258 2960 1382 3021 tumul-

133 3073 190 3128 tus
217 3065 236 3125 i.
268 3083 296 3126 e.
324 3064 440 3128 bellum
462 3066 606 3129 Italicum
627 3068 683 3129 vel
704 3064 882 3155 ¹Gullicum,
903 3101 943 3115 —
965 3101 1006 3112 -
1028 3069 1081 3149 qui
1102 3068 1207 3130 luerat
1229 3066 1383 3129 ducturus

40 3168 45 3177 “
132 3173 319 3248 exercitum,
348 3173 415 3235 ibat
435 3173 475 3235 ad
499 3172 702 3255 Capitolium,
735 3180 769 3236 et
789 3172 905 3235 exinde
926 3173 1090 3255 proferens
1113 3173 1189 3236 duo
1211 3175 1382 3257 vexilla,

133 3300 230 3343 unum
250 3297 453 3364 russeum,
484 3281 566 3362 quod
585 3280 709 3361 pedites
731 3281 906 3357 evocabat,
938 3288 971 3342 et
999 3300 1096 3344 unum
1128 3269 1384 3363 caeruleum,
1438 3318 1441 3323 ·

134 3388 219 3470 quod
248 3397 317 3451 orat
342 3389 518 3471 equitum.“
556 3390 678 3455 Ceteri·
695 3389 735 3451 da
757 3408 818 3451 uno
841 3396 961 3450 tentum
975 3388 1174 3471 loquuntur,
1206 3398 1239 3452 ut
1256 3364 1386 3454 'Caesar

133 3495 171 3562 B.
210 3491 292 3558 Gall.
327 3498 378 3579 11,
410 3495 469 3559 20:
504 3497 660 3575 „Caesari
696 3501 801 3561 omnia
837 3517 898 3560 uno
930 3505 1073 3578 ternpore
1106 3504 1197 3559 erent
1216 3497 1379 3581 urgendae

133 3602 327 3667 vexillum
348 3604 605 3684 proponendum,
635 3604 720 3688 quod
744 3614 813 3668 erat
833 3606 976 3688 insigne,
1007 3623 1102 3685 quum
1125 3604 1167 3666 ad
1187 3623 1276 3666 arma
1296 3622 1380 3668 con-

137 3714 222 3775 ourri
243 3719 416 3793 oporteret,
437 3713 565 3795 signum
585 3715 660 3777 tuba
683 3709 845 3777 dandum“
864 3759 872 3775 .
892 3756 901 3774 .
925 3757 933 3773 .
953 3759 962 3777 .
984 3731 1046 3794 quo
1069 3712 1142 3774 loco
1164 3711 1291 3790 eadem,
1320 3732 1385 3795 qua

136 3817 222 3900 apud
243 3817 420 3900 Vergilium
441 3821 580 3898 ratione,
613 3821 708 3905 signa
739 3821 860 3883 vexillo
884 3828 917 3883 et
938 3819 1089 3901 deinceps
1111 3822 1186 3883 tuba
1208 3820 1283 3884 data
1305 3839 1384 3886 sese

136 3923 309 4004 excipiunt.
351 3925 388 3989 B.
410 3926 482 3990 Civ.
504 3929 570 4010 111,
597 3928 654 3990 89:
688 3927 818 4012 „Simul
848 3928 962 3990 tertiae
982 3928 1065 3990 aciei
1087 3928 1206 4008 totique
1229 3928 1384 3992 exercitui

137 4029 326 4115 imperavill,
362 4053 405 4095 ne
428 4034 640 4097 iniussusuo
667 4042 888 4111 concurreret,
920 4053 980 4116 se,
1010 4052 1107 4114 quum
1127 4033 1161 4097 id
1183 4034 1252 4096 lieri
1273 4037 1385 4116 vellet,

139 4140 303 4206 vexillo
323 4141 473 4224 signum
494 4139 676 4206 daturum.“
708 4144 789 4205 Hirt.
810 4144 847 4208 B.
867 4143 959 4223 Hisp.
981 4143 1036 4204 28:
1059 4141 1311 4222 „Renuntiatum
1334 4151 1386 4205 est

137 4251 177 4315 ab
198 4251 461 4332 speculatoribus,
483 4251 669 4332 Pompeium
692 4251 732 4314 de
753 4251 848 4314 tertia
868 4252 980 4333 vigilia
997 4250 1030 4312 in
1051 4251 1121 4313 acie
1142 4250 1282 4313 stetisse.
1313 4253 1388 4315 Hoc

136 4359 245 4422 nuntio
268 4357 364 4421 ulloto
383 4360 581 4422 vexillum
601 4359 794 4441 proposuit.“
843 4358 896 4420 Ad
918 4359 1021 4439 ipsam
1043 4358 1137 4420 etiarn
1160 4377 1300 4440 pugnam
1322 4378 1384 4423 na-

139 4467 248 4531 valem
270 4465 415 4530 ciendam
437 4465 591 4529 Octavius
613 4465 697 4547 apud
717 4467 800 4533 Hirt.
828 4468 868 4532 Be
894 4467 945 4528 ΑΙ.
974 4465 1035 4529 452
1070 4465 1216 4547 „vexillo
1248 4466 1388 4548 sublato,

141 4590 205 4654 quo
225 4571 386 4656 pugnandi
407 4570 503 4635 dabat
523 4572 671 4656 signum,
704 4591 789 4654 quae
815 4573 935 4654 primae
961 4590 1064 4635 noves
1094 4572 1386 4656 subsequebantur,

141 4681 225 4744 idem
247 4691 283 4746 ut
303 4685 460 4757 facerent,
490 4677 726 4766 significabat.“
773 4682 878 4744 Multa
905 4700 998 4763 porro
1025 4681 1117 4743 huius
1147 4683 1243 4744 moris
1264 4683 1389 4748 indicia

145 4790 229 4872 apud
249 4792 379 4855 Livium
401 4791 629 4874 repperiuntur,
651 4799 687 4855 ut
706 4793 767 4875 IX,
787 4790 844 4854 2³:
867 4792 1100 4874 „Dictator-
1118 4821 1160 4833 -
1181 4791 1308 4876 signum
1332 4812 1388 4855 re·
