3022 5234
141 238 200 300 132
243 239 461 321 Vergilius
484 241 573 320 quid
596 239 642 301 de
665 239 748 322 deo,
773 242 928 320 mundo,
951 244 1036 306 fatu
1058 243 1250 307 senseritss

212 423 239 482 Ε
262 423 479 505 grammaticis
502 429 607 482 autem
630 433 822 503 compertum
846 425 1014 505 habemus,
1031 427 1205 507 Vergilium
1228 426 1379 509 Epicu·¹
1411 473 1413 481 ,

128 548 196 590 reo
225 528 359 609 quodam
391 530 542 610 magistro
571 549 662 592 usum
694 551 779 592 esse.
820 534 975 595 Audiatur
999 536 1134 596 Servius
1156 535 1196 596 ad
1217 537 1278 613 Vi,
1300 536 1374 599 264:

133 640 204 699 ”Ex
226 640 346 698 maiore
363 644 469 697 nutem
494 647 581 714 parte
606 638 750 698 Sironem
774 639 791 701 i.
814 661 840 701 e.
863 642 1047 720 magistrum
1070 659 1160 701 suum
1183 643 1376 722 Epicureum

127 750 300 828 nequitum
322 745 361 807 ad
384 746 494 824 uuog.
519 747 550 806 V
554 748 580 827 t,
600 745 653 812 132
676 749 782 820 „Nam
795 749 864 811 vuit
882 752 1018 830 exsequi
1035 760 1156 810 sectam
1173 751 1371 829 Epicuream,

128 874 222 936 quam
246 852 397 914 didicerat
421 863 484 913 tam
507 850 673 931 Vergiiius
694 872 787 933 quum
811 857 920 916 Varus
943 856 1079 918 docente
1100 857 1243 918 Sironem
1283 857 1375 936 Quae

127 944 327 1045 grammatici
356 963 454 1023 nostri
482 960 584 1040 opinio
608 958 758 1036 utrumve
789 965 886 1023 meris
913 967 1048 1047 argutiis
1069 966 1112 1026 ait
1133 965 1299 1046 protecte,
1334 987 1372 1028 au

125 1088 204 1131 vero
226 1067 431 1129 fundamento
452 1069 580 1139 nitatur,
606 1048 775 1129 iucundum
799 1079 850 1131 est
869 1073 1031 1152 inquirere.
1075 1073 1143 1134 Sed
1160 1075 1243 1135 iusto
1266 1072 1374 1134 ordine

126 1197 354 1261 persequamur
375 1179 533 1258 singulos,
571 1178 622 1255 qui
650 1177 689 1236 ad
718 1179 847 1256 Epicuri
879 1181 994 1258 piacita
1026 1181 1221 1259 referuntur,
1261 1191 1373 1259 poetae

127 1306 253 1365 versus,
277 1285 329 1366 qui
350 1284 390 1345 ad
413 1282 474 1345 duo
497 1285 695 1364 potissimum
719 1295 865 1362 spectare
888 1285 1051 1366 dicuntur,
1080 1307 1212 1367 quorum
1242 1290 1371 1368 primum

127 1396 325 1457 notissimum
347 1390 433 1468 iliud,
457 1390 557 1450 deos
579 1410 652 1450 nou
675 1411 815 1452 curare
836 1392 1007 1454 humana.
1051 1397 1188 1456 Servius
1203 1395 1245 1456 ad
1260 1397 1370 1475 Eciog.

127 1500 302 1580 V111‚35:

215 1613 285 1672 Nec
310 1629 426 1669 curare
447 1610 538 1667 deum
559 1611 661 1667 credis
682 1612 829 1668 mortalia
850 1629 1044 1690 quemquam.

132 1718 313 1803 „Superbia
335 1724 389 1776 tua
411 1714 560 1775 damnata
581 1723 631 1775 est
652 1717 733 1794 turpi
765 1720 894 1791 marito,
929 1718 1000 1776 dum
1023 1716 1125 1778 credis
1149 1714 1268 1775 nulium
1293 1713 1370 1774 den-

127 1849 199 1892 rum
220 1846 334 1892 curare
357 1825 509 1884 mortalia.
553 1822 655 1901 Quam
679 1843 744 1886 rem
768 1824 943 1885 secuudum
966 1825 1098 1886 Stoicos
1119 1818 1232 1883 dixit.“
1254 1824 1370 1883 rectius

128 1939 263 2000 Servius
285 1936 426 1997 Danielis
449 1933 488 1995 ad
513 1935 593 1995 Aera
615 1936 646 2012 Ι,
670 1933 741 1995 227.
769 1935 809 1997 ad
832 1936 1025 2014 Epicureos,
1060 1934 1118 1994 sed
1140 1951 1237 1993 verns
1260 1933 1369 1994 ibide-m

127 2047 292 2125 interpres,
314 2062 409 2124 quum
433 2050 528 2122 poeta
550 2044 659 2103 levem
682 2042 819 2122 appellet
840 2047 1008 2102 iactantem
1027 2049 1154 2120 pectore
1175 2061 1283 2121 curce,
1317 2063 1369 2105 ar-

128 2164 206 2238 gute
225 2154 384 2234 poeticum
406 2171 595 2229 sermonem,
618 2153 670 2232 qui
695 2150 773 2211 dens
794 2169 921 2230 semper
942 2151 1101 2211 huminum
1122 2167 1209 2209 more
1231 2157 1370 2212 tractans

129 2281 275 2324 ererum
309 2266 462 2323 contextu
491 2260 530 2321 de
559 2259 716 2321 doloribus
748 2260 893 2338 curisque
926 2258 1077 2339 loquitur,
1113 2255 1154 2317 ad
1190 2259 1369 2322 Stoicorum

128 2379 250 2433 sectam
281 2368 408 2430 rettulit.
451 2370 495 2428 At
517 2387 559 2428 ex
586 2369 638 2428 illo
664 2368 855 2448 Eeiogarum
888 2367 958 2426 ioco
991 2366 1095 2449 potius
1129 2364 1273 2429 ducenda
1308 2379 1372 2430 emt

129 2488 246 2561 poetae
268 2479 435 2556 sententia,
470 2477 550 2538 deos
583 2495 698 2537 revera
719 2475 865 2536 humanis
888 2474 1049 2554 occupari3
1084 2475 1271 2555 vituperium
1294 2477 1370 2539 euim

127 2589 220 2648 inest.
263 2588 298 2645 iu
322 2583 433 2646 eadem
456 2586 581 2664 Ecinga
601 2583 693 2656 Vlll,
719 2583 773 2643 19:
807 2580 930 2642 Damon
953 2581 1014 2644 aitt
1275 2571 1283 2595 ⁰

457 2693 569 2772 Diues,
593 2709 783 2770 quemquam
803 2688 853 2746 ur'l
871 2690 1003 2751 testatus
1024 2686 1091 2748 illia

217 2802 357 2881 Profeci,
379 2807 524 2861 extrema
545 2804 682 2860 moriens
703 2806 808 2858 tamen
829 2798 981 2876 adloquor
1002 2799 1090 2859 beru.

131 2908 246 2969 Servio
270 2907 361 2966 adv.
385 2906 432 2972 17.
454 2907 646 2967 observante
667 2905 842 2966 secundum
865 2905 1051 2984 Epicureos.
1087 2904 1171 2967 uteri
1184 2906 1301 2971 altem
1323 2904 1370 2973 bic

128 3017 239 3096 putuit,
259 3025 292 3076 ut
315 3024 410 3095 poete
431 3018 514 3091 talia,
537 3035 619 3094 quae
643 3031 873 3093 saepenumero
895 3013 1093 3075 iactabautur
1108 3013 1201 3090 dicta,
1223 3018 1254 3080 in
1269 3020 1368 3083 anime

119 3112 271 3186 heberet.
336 3122 479 3204 Denique
503 3122 583 3182 Dido
611 3140 673 3181 nou
691 3123 774 3180 ¹uiue
805 3120 981 3181 acerbitate
1008 3123 1166 3185 exclamat
1191 3127 1232 3187 ab
1262 3120 1370 3201 Aenea

131 3232 283 3293 derelicta
304 3229 457 3306 1V‚379:

213 3337 347 3398 Scilicet
368 3342 395 3396 is
416 3335 551 3412 Superis
574 3336 661 3395 labor
683 3341 739 3405 eat,
764 3356 802 3396 eu
825 3354 901 3394 curu
922 3341 1042 3415 quietos

215 3447 382 3508 Sollicitat.
1094 3432 1098 3440 ⁸

133 3554 198 3615 Sed
222 3554 282 3616 hoc
303 3576 322 3616 a
344 3555 458 3615 femina
481 3554 596 3616 dictum
621 3555 666 3615 ira
687 3557 859 3638 exagitata.
888 3559 1005 3641 Neque
1019 3578 1096 3621 vero
1112 3561 1367 3627 consentiendum

62 3661 65 3670 '
134 3664 193 3722 erit
214 3660 318 3723 eidem
342 3660 501 3740 interpreti
523 3661 562 3721 ad
586 3661 627 3740 11,
649 3660 723 3722 689:
1077 3736 1080 3739 Α

216 3771 358 3845 Iuppiter
380 3771 582 3844 omnipotens,
604 3769 752 3845 precibus
774 3775 804 3829 si
821 3774 960 3849 flecteris
980 3775 1065 3835 ullis.

133 3877 220 3953 „Aut
239 3871 412 3934 secuudum
436 3873 564 3934 Stoicos
585 3873 712 3937 locutus
735 3883 793 3950 est,
817 3877 868 3956 qui
889 3878 947 3943 tati
969 3879 1118 3943 adserunt
1134 3886 1365 3968 necessitatem,

132 3989 186 4043 aut
215 3981 389 4042 secuudum
417 3981 610 4061 Epicure0S,
648 3983 700 4063 qni
731 3981 835 4045 dieunt
861 3983 939 4046 deos
969 4006 1030 4048 ucu
1057 4006 1168 4053 curare
1194 3996 1369 4057 mortalia.“

131 4091 174 4170 ΙΙ,
196 4088 268 4150 405.
299 4087 485 4150 Cassandra
509 4088 690 4151 trahebatur

213 4194 271 4255 Ad
290 4197 412 4256 caelum
432 4198 564 4257 tendens
585 4197 730 4256 ardentia
752 4195 872 4258 luminu
889 4200 1025 4278 flustra.

133 4304 277 4386 ‚frustra
300 4301 471 4393 secupdum
495 4301 701 4383 Epicureos.“
744 4302 784 4378 Π,
805 4303 876 4364 515.
900 4305 1082 4370 incumbunt
1103 4330 1178 4374 arae

214 4412 278 4473 Hic
299 4411 428 4473 Hecuba
448 4416 480 4469 et
499 4416 593 4468 uulue
614 4414 804 4489 nequiquam
824 4413 940 4474 ulteria
966 4421 1090 4497 circum.

133 4552 215 4624 „aut
235 4547 425 4625 nequiquam
446 4540 622 4604 secundum
642 4541 835 4624 Epicureus,
865 4555 922 4608 aut
947 4559 1076 4630 propter
1103 4553 1169 4616 vim
1194 4553 1365 4621 beluam

135 4649 255 4732 Georg.
276 4652 335 4730 111,
357 4647 435 4710 525:
1169 4636 1173 4642 ’
1214 4654 1216 4659 ·

216 4758 302 4833 Ouid
321 4758 408 4831 daber
428 4761 487 4817 aut
506 4755 667 4835 benefacta
687 4761 821 4819 meunt?
