3022 5234
627 228 683 289 De
705 227 886 310 legione.
1075 207 1077 211 ⁵
1340 228 1381 288 55

132 413 164 477 111
196 412 385 493 liispeniam
414 455 451 474 ..
477 453 515 470 ·.
548 408 656 475 finitus
683 439 724 452 -
758 439 800 450 -
829 408 861 471 in
887 409 1034 490 legiones
1060 411 1190 475 1111111111
1220 429 1381 494 uumerus,

132 519 269 598 peditum
291 521 387 599 quina
408 517 502 597 milia,
525 516 693 583 treoeui
714 524 755 579 et
778 516 932 584 triooui
955 517 1114 596 equites.“
1155 519 1379 594 (11111111).

130 628 468 693 1111υοῦ1111Χῖ11.
498 625 745 693 consutiones
773 624 806 685 in
835 621 1027 691 moeonia
1061 643 1126 687 non
1157 626 1251 706 „plm
1284 646 1380 708 qrram

130 734 208 801 tluus
228 735 375 814 legiones
393 750 484 807 esse,
504 749 562 793 eos
582 730 719 810 repleri,
747 738 784 797 ut
801 748 884 793 seue
902 730 988 793 milia
1009 729 1163 811 peditem,
1187 740 1381 799 trecenos

130 843 283 905 haberent
299 845 428 922 equites
437 871 483 885 ....
501 836 575 886 -“
616 838 817 904 Praesidium
837 836 1005 920 „auduom
1017 838 1132 901 Anioio
1152 847 1280 918 praeter
1301 842 1380 905 dues

130 950 294 1030 legiones,
326 966 408 1028 ques
430 956 558 1029 portare
579 947 611 1010 in
631 944 855 1011 Macedoniam
876 953 929 1012 est
949 945 1077 1019 iussus,
1099 947 1195 1027 quine
1214 947 1297 1012 milio
1318 967 1379 1029 pe-

129 1054 226 1120 ditum
258 1065 290 1123 et
321 1056 464 1119 ducenos
497 1058 672 1139 uouemus,
709 1063 904 1123 trecenos
935 1055 1089 1136 equites«
1131 1055 1279 1134 (XLIV,
1306 1057 1380 1131 al.)

129 1163 254 1228 Verum
275 1172 361 1226 testo
381 1167 494 1228 Paullo
517 1186 558 1228 ex
580 1162 702 1229 llesto:
735 1185 819 1247 ,pen
848 1165 969 1229 milium
989 1173 1022 1228 et
1044 1164 1250 1228 ducentorum
1274 1163 1378 1226 homi-

129 1288 204 1331 num
241 1269 403 1352 legionem
435 1274 555 1353 primus
593 1271 697 1336 Gaius
740 1273 865 1337 Marius
904 1275 1109 1356 conseripsit,
1153 1294 1248 1356 quem
1285 1280 1379 1335 antee

131 1387 283 1460 quattuor
303 1379 423 1441 milium
445 1379 599 1460 fuissent,
627 1379 711 1444 uude
739 1383 835 1441 etiam
865 1379 1018 1459 quadrato
1039 1382 1286 1460 appellabatur.“
1327 1380 1378 1440 De

129 1486 360 1575 posterioribus
382 1485 578 1565 temporibus
594 1485 792 1566 Hesychius,
815 1486 1030 1568 VegetiuelL
1042 1488 1072 1549 6.
1093 1488 1146 1548 alii
1165 1488 1376 1550 conferantur.

212 1618 249 1678 ln
269 1625 335 1681 tam
358 1615 488 1677 diverso
511 1616 650 1695 peditum
670 1634 801 1679 rmmero
823 1600 988 1701 Vergilius
1020 1637 1093 1680 eum
1115 1619 1175 1679 sibi
1198 1618 1374 1683 tenendum

130 1737 222 1789 ratus
243 1734 309 1807 est,
333 1726 385 1807 qui
406 1733 439 1787 et
461 1727 600 1805 equitum
621 1726 905 1786 constantissimus
924 1734 959 1788 et
979 1726 1118 1807 peditum
1132 1727 1371 1807 antiquissimus

135 1842 214 1899 erat.
260 1831 328 1896 Sed
357 1838 468 1899 neseio
498 1853 539 1899 en
572 1835 667 1899 otiam
697 1835 831 1916 singulis
858 1836 958 1916 'oopiie
988 1835 1092 1913 mille,
1135 1838 1374 1915 sexcentorum,

131 1952 358 2024 treoentornm,
379 1944 556 2023 iterumque
577 1943 660 2004 mille
681 1944 813 2004 militum
846 1945 928 2004 Aeo.
958 1943 999 2016 X,
1027 1942 1095 2008 167.
1119 1942 1187 2009 177.
1212 1943 1280 2007 173.
1305 1945 1372 2006 178.

130 2051 301 2113 subiectae
323 2052 386 2113 sin-t
405 2051 545 2113 rationes
567 2051 725 2131 quaedam
747 2050 884 2113 nondum
899 2053 1094 2132 exploratae.
1118 2053 1162 2116 Ut
1182 2061 1375 2134 apostreme

129 2162 203 2220 eoie
223 2158 394 2240 ordiemur,
418 2160 528 2224 Asilas
551 2160 664 2222 tertius
685 2161 727 2244 X,
754 2160 828 2222 ite:

211 2268 306 2329 Meua
327 2273 413 2348 repit
433 2270 548 2331 deuebo
569 2275 639 2331 σοῖο
659 2273 763 2350 adque
784 2271 984 2332 horrentibue
1005 2272 1117 2330 boetio.

131 2373 243 2453 ouidi
264 2376 380 2437 Nonne
399 2374 452 2437 hio
471 2394 491 2437 e
510 2383 608 2456 poete
629 2377 819 2439 hastatos
838 2378 911 2438 illos
931 2377 1069 2459 legionis
1091 2375 1258 2439 Romanae
1279 2377 1376 2437 taeito

129 2503 205 2546 esse
227 2502 403 2564 expressos
426 2480 673 2547 arbitrabimur?
717 2484 842 2564 Quodsi
870 2488 957 2546 enim
987 2485 1017 2544 in
1039 2484 1166 2563 legione
1188 2484 1258 2564 ille,
1292 2502 1374 2564 queo

129 2602 316 2675 quaternum
336 2599 556 2674 milianum,
579 2596 665 2659 mille
686 2589 726 2658 et'
739 2595 866 2659 ducenti
888 2602 972 2654 teste
994 2594 1128 2674 Polybio
1151 2593 1375 2667 Vl,21.erant

128 2701 265 2763 basleti:
286 2712 343 2783 pro
364 2714 435 2767 reta
457 2714 547 2787 perte
568 2705 599 2767 in
620 2704 683 2767 hoo
704 2708 797 2767 trium
819 2703 936 2767 milium
958 2703 1011 2764 vel
1035 2703 1130 2764 duu'm
1152 2701 1269 2762 milium
1289 2720 1374 2761 uon-

127 2818 306 2892 geutorum,
329 2814 414 2875 mille
436 2833 511 2877 esse
533 2822 665 2897 oportet.
685 2813 919 2896 Regrediamor
933 2811 1049 2873 deinde
1071 2810 1110 2872 ml
1126 2809 1373 2890 primomaoiom

128 2921 172 3004 X,
194 2922 269 2987 1661
348 2940 351 2944 ⁴
461 2911 476 2942 ''

210 3030 378 3092 Massicus
399 3038 509 3093 aerulo
527 3035 720 3110 princepe
741 3037 833 3091 eeoot
851 3046 991 3108 uepuoro
1012 3031 1098 3104 11911,

212 3140 279 3202 Sub
301 3162 362 3221 quo
382 3145 451 3204 mil
456 3146 470 3204 l
475 3165 492 3203 e
512 3161 629 3204 munao
649 3147 807 3218 iuvenum,
829 3146 885 3220 qui
904 3143 1028 3200 moenio
1050 3138 1149 3210 Otiosi,

213 3247 337 3328 Quique
359 3251 468 3310 urbem
487 3250 609 3329 liquere
631 3248 744 3327 Coeus,
769 3251 842 3327 pute
864 3247 928 3306 tela
948 3248 1087 3321 eupittue

214 3360 393 3442 Gorytique
415 3364 499 3423 leoeo
518 3367 637 3424 umerie
659 3369 692 3422 et
711 3363 818 3441 letifer
839 3378 944 3419 arcus.

132 3468 250 3528 Nonne
273 3466 334 3529 lroo
355 3468 426 3530 loeo
450 3468 639 3529 vocabulum
661 3467 854 3547 prinoeps
876 3483 980 3544 paene
1000 3462 1130 3534 iudicat,
1153 3463 1373 3542 principes

128 3574 261 3636 militum
272 3573 486 3636 Romanorum
500 3591 575 3634 esse
588 3572 802 3652 significatos,
818 3587 949 3651 quorum
958 3569 1111 3650 Polybius
1130 3567 1265 3632 eundem
1280 3588 1372 3650 quem

129 3681 328 3743 hastatorum
351 3698 513 3741 numerum
534 3682 664 3741 statuit:
685 3671 860 3760 Ammoniou
881 3671 910 3734 δ’
929 3662 1050 3746 αὐτους
1071 3664 1127 3735 τὸν
1149 3662 1277 3758 τρόπουἸ
1295 3671 1374 3735 τοῦ·

127 3805 193 3863 του,
214 3775 292 3847 ὥστ’
313 3772 398 3846 εἶναι
418 3819 458 3833 -—
480 3817 521 3831 -
542 3819 584 3836 ι·-
611 3774 688 3856 eois
709 3777 746 3845 δὲ
768 3775 963 3867 πρέγκιπας,
988 3774 1156 3857 ιχιλίους
1184 3777 1253 3843 καὶ
1284 3778 1374 3842 δια-

129 3888 306 3965 κοσίους·
328 3890 445 3965 ἰ’σους
463 3888 503 3954 δὲ
525 3879 654 3964 τούτοις
674 3879 750 3962 τούς
770 3875 953 3960 tAueriroug.
983 3890 1071 3951 inter
1091 3889 1172 3951 hane
1201 3901 1373 3975 utramque

129 4021 150 4064 a
172 4001 317 4084 Vergilio
340 4001 490 4064 nonioeti
511 4009 586 4062 sunt
600 3997 823 4063 mediaeuuoe
844 3999 1129 4077 manusppriorem
1151 3998 1247 4064 hebet
1262 4010 1375 4065 torvus

130 4112 231 4183 AbeS,
257 4108 300 4189 X,
327 4107 397 4168 172:

212 4219 428 4280 Sescentos
450 4216 499 4276 tte·
517 4216 649 4277 dedam
669 4215 851 4295 Populonia
868 4224 971 4278 muter

213 4326 380 4403 Expertus
398 4324 476 4383 hetti
491 4327 634 4407 rireeuee.

130 4434 269 4514 Quinam
290 4442 364 4494 sunt
383 4433 427 4495 illi
450 4429 625 4497 sexcenti?
647 4434 826 4501 Audiamus
848 4434 1034 4515 Polybium:
1055 4430 1228 4518 Διοιροῦσι
1251 4421 1281 4492 δ’
1318 4452 1376 4492 οιυκ

128 4530 205 4614 τους
232 4529 288 4601 τόυ
320 4526 444 4624 τρόπον
459 4566 460 4571 “
474 4536 598 4618 τοῦτον,
625 4529 703 4602 ὥστ’
732 4527 826 4603 eiam
856 4529 933 4614 τούς
961 4536 1021 4620 μὲν
1051 4530 1296 4626 πρεσβυτάτους
1324 4537 1378 4602 καὶ

135 4641 312 4732 Τριαρίους
332 4644 669 4731 προσαγορευομένους
689 4643 945 4725 ἑξακοσίους.
968 4651 1080 4715 Triarii
1100 4652 1195 4733 igitur
1227 4651 1269 4712 illi
1302 4661 1376 4712 sunt

130 4757 256 4837 experti
277 4755 350 4819 belli
373 4756 519 4833 iuvenes,
543 4775 625 4838 quos
647 4756 800 4838 Polybius
831 4756 849 4816 l.
874 4757 892 4817 l.
915 4761 941 4829 §.
964 4758 992 4818 9.
1018 4765 1049 4818 et
1070 4756 1098 4822 7.
1133 4747 1377 4839 πρεσβυτάτους
