3022 5234
137 284 139 291 .
183 224 243 296 ¹72
466 227 524 289 Da
555 224 672 307 valia
708 226 929 289 hostiarum
959 229 1132 288 ratlone.

181 415 244 477 hoc
275 412 369 475 modo
399 409 573 490 perficiturt
614 409 781 486 „Alterum
808 409 1115 470 senatusconsultum
1145 408 1359 482 factumest,
1399 416 1432 469 ut

183 521 355 584 decemviri
376 538 470 582 sacra
492 515 620 580 Graeco
641 521 704 579 ritu
726 517 882 596 lacerent,
904 518 1004 597 iisque
1025 517 1154 590 hostiis,
1187 513 1325 595 Apollini
1346 513 1431 575 bove

182 637 294 691 aurato
318 637 350 690 et
371 627 475 708 capris
498 624 620 687 duolrus
642 624 722 687 albis
744 624 875 703 auratis,
889 623 1034 685 Latonae
1050 622 1133 684 bove
1149 622 1265 685 femina
1281 619 1434 683 aurata.“'

184 737 288 800 Varro
311 737 347 796 ΙΙ.
369 735 407 795 1..
429 735 501 796 Vll.
524 739 551 806 t.
573 733 632 795 88:
675 737 851 813 „Aruspex
872 733 1045 813 praecipit,
1079 739 1112 793 ut
1132 749 1191 792 suo
1213 731 1348 812 quisque
1369 735 1432 792 ritu

183 843 374 906 sacrificium
397 842 507 923 saciat,
530 850 563 903 et
583 860 642 904 nos
663 840 808 915 dicimus,
829 840 892 901 Xll
914 839 1000 901 viros
1022 837 1151 900 Graeco
1175 839 1233 900 ritu
1249 857 1354 915 sacra,
1369 859 1431 900 non
1455 911 1456 915 Ἰ

184 948 329 1016 Romano
350 950 496 1012 facere.“
526 948 603 1022 Sed,
626 948 688 1009 nisi
709 950 840 1031 egregie
862 947 964 1022 fallor,
986 945 1146 1010 Graeco
1168 946 1228 1007 ritu
1249 946 1360 1008 lacere
1380 954 1430 1007 est

183 1071 294 1142 aperto
316 1064 432 1143 capite,
453 1061 598 1124 llomnno
620 1069 724 1122 autem
742 1061 857 1121 velato.
901 1058 952 1120 ct.
976 1059 1116 1120 Maerob.
1140 1060 1198 1130 ΙΙΙ,
1219 1060 1256 1120 6:
1281 1058 1429 1134 „Custo-

187 1171 269 1232 ditur
291 1172 321 1232 in
343 1169 455 1232 eodem
477 1169 559 1250 loco,
580 1179 614 1230 ut
638 1186 748 1231 omnes
768 1175 879 1247 aperto
900 1171 1006 1248 capite
1027 1184 1122 1229 sacra
1143 1167 1275 1246 faciant,
1296 1166 1358 1227 hoo
1382 1163 1428 1246 fit,

185 1279 318 1358 nequis
340 1277 370 1337 in
394 1274 474 1337 aede
496 1275 547 1336 dei
566 1275 703 1337 habitum
726 1273 793 1334 cius
818 1275 975 1352 imitetur3
999 1290 1070 1334 nam
1092 1274 1161 1352 ipsc
1182 1273 1224 1334 ibi
1245 1282 1357 1354 operto
1379 1281 1429 1334 est

62 1395 65 1400 “
184 1387 298 1464 capite.
340 1385 445 1448 Varro
466 1389 511 1446 ait
531 1380 692 1448 Graecum
712 1385 796 1446 hunc
818 1403 893 1446 csse
917 1385 1065 1445 morem.“
1106 1384 1177 1444 Duo
1199 1398 1277 1442 vero
1299 1379 1428 1443 diversa

184 1495 363 1556 animalium
387 1513 506 1576 genera
526 1515 588 1555 non
610 1493 712 1554 solum
734 1493 816 1574 apud
839 1493 910 1553 Liv.
934 1492 1046 1574 XXV,
1070 1492 1132 1570 te,
1172 1490 1230 1554 sed
1252 1491 1284 1552 in
1306 1491 1428 1552 Tabula

186 1603 289 1665 llratr.
309 1603 391 1664 Arv.
414 1601 436 1662 l.
462 1619 560 1683 porca
582 1609 615 1663 et
636 1619 721 1683 agna
742 1601 861 1681 opima,
882 1601 963 1663 alias
986 1600 1048 1663 alia
1070 1600 1280 1663 immolantur.

268 2026 390 2089 Color
412 2030 506 2090 etiam
528 2025 683 2108 pecudum
703 2028 926 2108 spectabatur,
949 2047 1051 2109 eaque
1073 2033 1153 2092 ratio
1175 2049 1195 2092 a
1216 2031 1354 2094 Marone
1374 2054 1427 2095 re-

184 2135 388 2215 ligiosissime
408 2144 459 2196 est
481 2136 660 2198 observata.
704 2136 839 2218 Superis
860 2140 942 2199 enim
965 2136 1025 2198 diis
1047 2136 1129 2199 albis
1149 2157 1295 2220 semper,
1316 2141 1427 2203 inieris

186 2243 284 2322 nigris
303 2243 472 2308 faciebant.
515 2243 718 2325 Quapropter
738 2245 808 2307 loco
829 2244 891 2306 iam
913 2243 1009 2305 allato
1031 2245 1090 2322 ΙΙΙ,
1110 2243 1162 2307 20.
1204 2235 1336 2309 Aeneas
1370 2268 1427 2311 au·

184 2372 261 2431 pero
282 2357 352 2428 περὶ
371 2356 559 2413 nitentem
582 2360 709 2414 taurum
729 2358 763 2413 r'n
784 2354 875 2414 litore
895 2359 1023 2413 mactat.
1064 2350 1187 2436 Georg.
1208 2356 1253 2433 ll,
1277 2354 1358 2418 146:

267 2460 354 2520 Hinc
375 2460 470 2537 atti,
494 2461 662 2541 clitumno,
681 2481 797 2538 propes
816 2468 848 2522 et
867 2464 1009 2521 maxima
1030 2467 1145 2522 toarno

275 2569 412 2628 Victima
432 2589 536 2647 saepe,
559 2576 613 2631 tno
630 2573 759 2649 perfusi
774 2574 907 2650 flumina
926 2590 1035 2651 auara,

268 2677 429 2737 Romanoa
449 2679 493 2738 ad
511 2679 627 2755 templa
649 2679 740 2741 deum
759 2681 883 2740 ducere
902 2679 1089 2756 triumphas.

187 2807 240 2869 nbi
272 2807 429 2868 Servius:
472 2805 581 2887 „Quia
613 2806 845 2889 triumphantes
871 2806 913 2870 do
932 2804 1020 2887 lalbis
1048 2812 1149 2870 tauris
1170 2805 1426 2873 sacrificabant.“

188 2914 307 2975 Mirum
328 2922 433 2975 tamen
462 2924 529 2993 est,
563 2913 647 2997 qnod
669 2914 846 2977 Cloanthus
866 2915 1046 2977 numinibus
1067 2916 1194 2979 marirris
1215 2919 1368 2998 promittit
1383 2918 1427 3001 V,

187 3019 267 3082 235:

268 3130 323 3205 Di,
345 3131 457 3210 portio
479 3135 634 3209 inperium
651 3132 802 3214 pelaptal,
824 3151 956 3214 quornm
979 3155 1117 3217 aequora
1138 3157 1246 3218 carro,

273 3236 368 3296 Vobis
388 3237 492 3298 taetna
512 3257 568 3317 eqo
590 3238 649 3298 lroo
672 3242 906 3303 candentem
927 3247 962 3305 ira
981 3245 1072 3305 litore
1096 3252 1225 3307 tauram

268 3342 464 3405 constituam
488 3353 562 3408 ante
580 3367 665 3408 arcs.

168 3451 252 3515 .Sed
273 3470 340 3515 rem
360 3455 498 3533 explicat
520 3454 587 3533 ΙΙΙ,
618 3454 705 3532 rte,
734 3456 786 3519 ubi
807 3458 937 3518 Aeneas
957 3458 1022 3519 aris
1042 3458 1173 3519 meritos
1193 3457 1333 3521 honores
1353 3480 1425 3524 ma-

183 3565 260 3632 ctat,
281 3558 496 3640 pecudemque
517 3561 678 3639 Zephyrio
694 3564 843 3642 felicibus
864 3567 1009 3644 aldam
1031 3566 1091 3628 diis
1109 3567 1206 3650 igitur
1217 3564 1364 3630 salicibus
1376 3569 1426 3630 al-

184 3663 270 3736 bam,
304 3675 414 3727 contra
434 3665 549 3730 ibidem
568 3670 705 3747 Ntyram
726 3670 835 3730 Hiemi
850 3674 1012 3748 pecudem.
1055 3673 1187 3736 Aeneae
1211 3674 1293 3736 ilitis
1316 3676 1428 3738 domos

183 3770 321 3834 infernas
342 3791 515 3838 accensure
537 3778 583 3860 V,
603 3776 674 3838 734.
696 3777 857 3840 Anchises
879 3782 1088 3846 vaticinatur:

768 3915 843 3978 Hac
864 3925 953 3979 easta
973 3918 1097 3999 Sibylla

262 4014 488 4092 Niprarnm
509 4020 607 4081 malm
625 4022 781 4098 pecudum
801 4031 831 4085 te
851 4031 1012 4102 snnpnr'ne
1033 4028 1135 4089 ducet.

99 4121 102 4127 ¹
181 4149 234 4213 cf.
244 4150 349 4213 Varro
359 4152 398 4215 de
408 4153 545 4216 scenicis
564 4154 740 4238 originibus
751 4157 864 4242 fragm.
878 4179 907 4240 p.
922 4160 1187 4236 tennemonn.
1197 4166 1234 4229 D.
1247 4166 1329 4230 N.'c.
1345 4166 1428 4240 Ι7.);
1461 4218 1462 4221 ,

182 4256 445 4340 »Renuntiarunt
467 4261 512 4324 uti
534 4261 598 4323 triti
620 4263 706 4324 Patri
727 4273 760 4327 at
773 4266 984 4347 Proserpinae
1006 4269 1070 4331 ludi
1085 4270 1246 4335 Terentini
1263 4274 1296 4335 in
1313 4294 1429 4357 campo

179 4366 298 4430 Martio
321 4368 432 4429 flerent
453 4375 486 4430 et
505 4368 630 4432 hostiae
651 4371 798 4434 furvae
821 4373 1084 4437 immolaremus«
1126 4379 1208 4441 Aan.
1231 4380 1292 4465 Vl,
1316 4383 1401 4448 ¹52:

260 4501 397 4564 &abac
418 4502 503 4562 nnnc
522 4503 609 4581 refer
629 4509 704 4563 ante
723 4508 792 4566 anm
812 4512 845 4565 et
865 4509 963 4568 conde
983 4509 1163 4586 sepulchro.

265 4611 339 4673 Dua
361 4613 505 4688 niprae
522 4613 677 4694 pecudem
698 4633 737 4674 en
755 4618 860 4693 proma
877 4617 1007 4694 piacola
1031 4625 1139 4681 annta.

186 4714 265 4777 243:
