3022 5234
621 232 674 293 lle
696 229 881 293 navibus.
1314 220 1373 294 127

126 414 225 497 probe
246 412 573 496 animadvertendum,
593 412 678 495 quod
700 411 788 475 Idam
820 417 840 475 i.
862 433 889 478 e.
918 411 1088 494 imaginem
1111 408 1219 473 matris
1252 411 1370 477 ldaeae

129 521 205 594 (ciri
226 523 273 603 X,
292 519 367 587 258.
379 523 536 601 biiugique
564 524 608 582 art
627 524 725 600 frana
745 521 876 594 konco)
904 520 1214 598 superimminentem
1246 521 1369 583 Aeneia

128 628 272 709 puppis
306 635 408 704 tenet,
446 625 498 686 ubi
527 626 656 687 Aeneas
683 645 744 688 nna
767 646 836 687 cnm
859 621 1002 687 Pallante
1023 626 1138 706 navis,
1171 636 1205 688 ut
1233 628 1372 710 videtur,

126 746 250 799 rectore
272 733 374 796 sedet.
418 733 553 807 Abantis
576 752 702 814 quoque
725 732 769 808 X,
794 732 867 795 171:

424 841 549 905 Aarate
567 842 714 921 suipeiat
733 841 1058 918 Apollinapuppte.

128 949 147 1015 i.
170 969 196 1010 e.
219 949 319 1012 tutela
340 949 444 1028 navis,
468 948 625 1030 Apollinis
652 949 759 1028 imago
794 946 968 1027 deaurata,
997 949 1027 1010 in
1048 950 1144 1028 puppi
1167 958 1236 1012 erat
1255 950 1374 1034 posits·

128 1056 305 1140 Nequam)
332 1055 394 1120 hac
414 1056 475 1119 loci
495 1057 666 1120 sanctitate
679 1055 843 1117 absonum
865 1054 1003 1138 videtur,
1026 1055 1110 1138 qnod
1134 1056 1293 1119 Anchises
1314 1058 1371 1140 lll,

127 1167 209 1231 326:
301 1210 320 1223 .·

422 1326 426 1339 .
516 1324 519 1329 -
860 1277 1021 1353 Divosque
1041 1277 1162 1334 cacavit

212 1383 312 1451 Stante
333 1383 419 1445 celsa
440 1389 475 1445 in
495 1389 604 1463 pappi.

132 1492 302 1574 Angustus
323 1493 415 1567 Vlll,
433 1492 513 1554 aas:

160 1664 163 1668 ,
215 1599 470 1663 ΟιιηιῬιιίνίόιιι
489 1598 676 1678 Popuiapuc
696 1598 872 1658 Penatibus
893 1605 926 1658 et
944 1603 1071 1676 meanis
1091 1602 1153 1662 Dis

163 1762 166 1771 .
214 1706 316 1768 Stans
337 1707 422 1768 celsa
441 1712 475 1767 in
495 1711 604 1786 puppi.
669 1756 674 1765 .

127 1815 180 1878 Ab
202 1815 377 1896 insignibus
400 1833 486 1888 vero,
500 1832 582 1894 quae
604 1814 633 1876 in
656 1833 749 1895 prora
768 1822 868 1894 erant,
890 1816 1059 1877 verisimile
1078 1829 1128 1879 est
1142 1836 1243 1879 naves
1260 1837 1374 1881 nomen

103 1923 290 1985 -habuissa
334 1922 382 1982 lta
405 1940 516 1983 nomen
537 1923 671 1983 Pristim
694 1909 828 1984 scivias
851 1922 894 1998 V,
919 1924 1153 2006 lllieexplicat:
1182 1925 1254 2000 „vel
1275 1944 1298 1986 ‚a
1320 1934 1375 1986 tu·
1473 1932 1478 1947 '¹

132 2033 195 2093 tela
228 2029 371 2111 depicta,
400 2032 453 2090 vel
482 2018 550 2092 ἀπὸ
578 2025 638 2092 τοῦ
667 2023 798 2114 unigena
818 2017 860 2091 re?
886 2016 1040 2108 ne'rpraaaf‘
1071 2034 1123 2094 ubi
1146 2034 1231 2113 prius
1253 2033 1375 2113 eligens

131 2139 258 2221 potius:
285 2139 350 2218 „ab
377 2138 492 2221 insigni
515 2136 665 2221 depicto“
697 2139 824 2201 dixeris.
874 2139 997 2218 Quodsi
1030 2141 1125 2223 igilur
1147 2149 1273 2202 ceteras
1296 2158 1375 2201 con-

134 2246 381 2308 sideraverimus
394 2269 509 2324 naves,
520 2252 549 2311 in
564 2250 664 2311 altera
680 2250 797 2310 triremi
811 2249 852 2327 V,
866 2249 932 2310 118.
948 2247 1196 2311 Chimaeram
1212 2247 1370 2329 depictam

133 2354 236 2416 luisse
256 2364 448 2439 statuemus,
472 2359 502 2418 in
527 2358 639 2419 tertiae
657 2358 855 2438 Sergestene
876 2376 969 2437 prora
992 2356 1184 2419 Centaurum
1206 2356 1248 2430 V,
1275 2355 1348 2419 122ι

215 2467 417 2530 Centau-re
439 2467 598 2525 inceditur
616 2485 743 2542 mapa«.

133 2572 240 2635 itidem
264 2573 347 2634 lilius
370 2573 475 2655 Cycni
496 2576 542 2654 X,
555 2572 642 2637 luae

220 2683 384 2757 Ingentem
406 2685 503 2742 remis
524 2682 769 2743 Centaurum
788 2684 957 2758 prorueret.

134 2790 250 2871 quibus
273 2808 438 2869 compares
460 2790 603 2868 Propert.
624 2789 683 2868 rV,
705 2790 734 2858 6,
758 2788 815 2850 49ι

218 2895 376 2976 Quodque
395 2898 520 2961 uehunt
539 2916 654 2978 prorae
676 2895 908 2958 Centauros
929 2915 1008 2958 saxa
1032 2896 1197 2958 minantes.

134 3001 255 3080 Quarta
277 3003 307 3065 in
331 3003 414 3065 ludis
438 3005 596 3067 Sicilianis
618 3004 710 3064 navis
732 3013 907 3065 memorata
930 3005 970 3079 V,
994 3005 1061 3065 122.
1095 3003 1239 3084 Scyllam
1254 3002 1379 3083 insigne

132 3113 246 3192 gessit
289 3114 324 3172 ln
346 3112 441 3174 classi
464 3115 640 3173 'l'nscorum
662 3128 755 3193 porro
777 3112 819 3189 X,
847 3114 920 3177 loa:

215 3219 380 3281 Massicus
402 3227 512 3280 aerata
529 3225 681 3296 princeps
699 3229 791 3281 secat
811 3242 950 3303 acqrrora
970 3228 1000 3282 ti
1002 3227 1073 3299 pri.

133 3326 284 3388 Servius:
308 3327 455 3407 „Acrato
475 3332 560 3403 tiqri,
581 3328 673 3388 cuius
690 3336 821 3389 rostrum
841 3341 909 3390 crat
932 3328 962 3388 in
985 3326 1215 3389 similitudinem
1238 3328 1378 3411 tigridis3

137 3453 274 3516 natuque
295 3435 397 3495 solent
420 3452 520 3494 naves
543 3434 699 3496 vocabula
722 3435 868 3512 accipere
897 3452 917 3494 a
948 3434 1069 3515 pictura
1097 3435 1301 3496 tutelarum.“
1326 3434 1380 3497 uhi

135 3545 247 3606 itcrum
271 3545 437 3607 tutelarum
467 3564 580 3606 nomen
608 3514 774 3625 insignium
803 3543 873 3602 loco
902 3542 1005 3602 minus
1033 3551 1120 3602 recte
1148 3543 1263 3622 posuit.
1312 3544 1380 3606 Se-

136 3652 271 3715 cundam
293 3672 408 3715 navem
441 3653 634 3716 Centaurum
664 3653 714 3726 X,
746 3649 813 3712 195.
836 3655 897 3710 iam
922 3649 1174 3711 memoravimus.
1217 3652 1252 3711 ln
1273 3651 1376 3732 tertia,

136 3781 219 3846 quae
240 3760 393 3837 laudatur,
415 3762 497 3825 Ocni
521 3761 593 3821 rravi
615 3759 777 3842 quingenti
798 3766 874 3819 sllnt
896 3758 1007 3819 armati
1028 3756 1072 3838 X,
1092 3757 1170 3821 205:

218 3868 306 3943 Ques
325 3877 418 3947 patre
439 3871 568 3930 Benaco
590 3869 712 3928 veletrae
736 3869 916 3927 acritudine
936 3867 1055 3942 planca

218 3977 402 4038 Mincius
423 3981 541 4058 infesta
562 3979 695 4037 delcetat
716 3981 750 4035 in
771 3995 909 4055 aequora
928 3978 1018 4052 pinna.

135 4093 232 4167 atque
256 4088 285 4147 in
310 4107 349 4149 ea
369 4088 475 4171 imago
499 4078 610 4149 Mincii
634 4089 731 4160 fluvii,
752 4087 802 4167 qui
826 4106 844 4146 e
868 4085 936 4146 lacu
962 4085 1089 4144 Berraco
1105 4084 1246 4161 profluit,
1270 4080 1379 4160 specie

135 4194 195 4254 viri
218 4193 390 4256 harundine
413 4196 511 4257 velati
534 4195 658 4275 depicta
681 4204 758 4257 erat.
801 4195 837 4254 ln
861 4200 972 4274 quarta
993 4193 1035 4270 X,
1057 4192 1137 4253 alls:

467 4304 612 4362 Inmunis
637 4304 770 4365 Triton
792 4307 824 4360 et
844 4300 974 4360 caerula
996 4298 1114 4358 concina

220 4406 406 4467 Eaterrens
426 4409 524 4487 freta,
546 4409 597 4466 aui
618 4407 752 4466 laterum
774 4411 868 4466 teneas
890 4405 1017 4481 hispida
1038 4406 1131 4462 renuti

220 4514 330 4576 Frons
350 4513 506 4572 hominm
524 4514 677 4592 praeseri,
699 4517 733 4571 in
752 4517 877 4590 pristim
897 4514 1014 4570 desinit
1033 4511 1130 4568 alnas.

136 4648 205 4713 sod
236 4649 277 4711 ab
305 4645 355 4706 his
382 4661 544 4726 prorarnrn
576 4644 728 4703 monstris
755 4640 946 4703 redeundum
975 4648 1026 4700 est
1057 4637 1227 4700 adcelera
1247 4643 1378 4703 navium

135 4775 235 4836 arma,
259 4772 389 4838 querum
413 4751 543 4815 notandi
563 4758 637 4812 sunt
660 4752 771 4811 cianus
791 4751 839 4826 V,
863 4748 930 4810 177.
952 4747 1024 4809 852.
1066 4749 1118 4827 X,
1138 4746 1209 4807 218.
1230 4746 1288 4825 al,
1313 4750 1382 4827 sori
