3022 5234
388 229 444 290 De
465 226 587 291 lunda
607 227 903 312 glandibusque
924 231 1134 313 plumbeis.
1335 231 1377 293 89

550 414 675 473 Teretes
695 420 773 472 eant
789 414 960 493 *aclydes
981 415 1045 475 illm

225 522 316 601 Tela5
338 525 398 584 sed
415 523 493 583 daea
513 521 597 582 lento
617 541 684 580 mos
707 528 757 589 eet
775 528 885 597 aptare
901 524 1040 600 [lapella

139 654 313 717 'l'eretesi
336 653 538 715 erstanden
569 662 665 733 poeta
696 662 809 727 vocat,
844 655 888 717 ita
921 638 955 715 nt
983 656 1148 737 globorum
1181 659 1233 720 vel
1265 665 1380 724 elava-

140 779 207 822 rnm
230 742 406 822 informem
441 778 496 821 eas
518 769 718 823 constructas
739 759 841 821 larissa
862 761 1091 841 suspicandum
1114 764 1165 837 sit,
1189 776 1377 852 aptatasque

138 868 262 950 flagello
282 867 301 932 i.
324 887 354 930 e.
375 869 442 930 loro
465 869 516 951 uel
538 875 675 950 amento,
700 870 744 930 ila
766 877 801 930 ut
823 869 1004 930 emittantur
1025 873 1221 953 vulnereque
1242 878 1378 959 impaoto

137 995 248 1039 rursus
270 975 475 1038 retrahantur.
503 975 650 1037 Servius:
683 976 847 1057 ,‚Aclydes
870 985 943 1037 sunt
964 979 1028 1039 tela
1064 981 1220 1059 quaedam
1249 991 1380 1066 antiqua

138 1084 233 1166 adeo,
258 1096 295 1148 nt
315 1102 376 1145 nee
397 1102 530 1164 usquam
555 1084 890 1152 commemorentnrin
910 1084 1010 1164 bell03
1033 1087 1146 1168 legitur
1169 1097 1272 1152 tamen
1296 1097 1380 1175 qnod

136 1193 325 1257 sintelavae
341 1192 445 1255 cubito
461 1198 493 1253 et
508 1192 607 1252 semis
620 1191 738 1268 factae,
761 1191 1035 1254 eminentibus
1057 1193 1149 1255 irino
1170 1197 1262 1258 inde
1284 1219 1378 1263 aen·-

137 1300 320 1372 minibus,
345 1318 427 1380 quae
449 1299 493 1360 ita
516 1299 544 1358 in
567 1297 690 1360 hostem
714 1300 870 1360 iaciuntur
893 1300 1048 1383 religatae
1078 1303 1149 1364 loeo
1173 1308 1225 1367 vel
1247 1309 1319 1389 lino,
1344 1323 1378 1375 ut

137 1409 276 1491 peractis
309 1407 489 1468 vulneribus
521 1406 645 1486 possint
677 1405 717 1466 ad
739 1405 894 1468 dominum
919 1388 1071 1469 redire.“¹
1097 1410 1190 1488 Quae
1211 1426 1379 1494 praeterea

114 1500 241 1578 addit:
264 1512 420 1592 „Putatur
441 1521 546 1576 tamen
570 1531 645 1573 esse
667 1513 721 1574 teli
743 1531 860 1594 genua,
899 1514 981 1594 quod
1005 1536 1060 1596 per
1081 1518 1241 1600 flagellum
1264 1524 1295 1584 in
1309 1508 1377 1588 ⁴inr-

135 1639 281 1683 mensum
302 1621 363 1681 iani
384 1622 520 1700 potest.“
553 1639 670 1703 vagam
695 1619 852 1701 quandam
877 1630 909 1682 et
940 1623 1064 1685 inanem
1094 1633 1292 1706 grammatici
1316 1635 1378 1695 ali-

134 1738 226 1800 enius
249 1737 424 1817 opinionem
446 1736 590 1817 produnt.
613 1736 797 1818 [longitudo
820 1739 914 1799 etiam
938 1755 1010 1800 cum
1032 1740 1096 1816 illa,
1118 1761 1212 1823 quam
1234 1742 1376 1806 isidorus

137 1845 177 1908 de
198 1847 301 1907 eateia
324 1854 568 1926 commemorat,
605 1847 780 1917 consentit,
816 1846 875 1906 nisi
905 1846 1043 1909 fortasse
1066 1848 1127 1910 dno
1149 1851 1230 1914 haee
1251 1853 1314 1913 tela
1336 1852 1375 1913 ab

133 1957 206 2035 ipso
228 1953 296 2014 sint*
312 1954 455 2014 eortiusa.
498 1954 675 2034 Utrumque
691 1954 757 2014 loro
772 1954 825 2014 vel
847 1964 983 2028 amento,
1008 1966 1042 2017 ut
1057 1955 1222 2022 Gallorum
1238 1964 1375 2043 tragula,

133 2061 174 2123 ab
186 2061 332 2123 omnibus
346 2061 518 2142 deligatum
533 2060 652 2123 dieitur.
676 2061 887 2124 statuendum
900 2063 1047 2136 fortasse,
1061 2069 1195 2130 cateiam
1218 2071 1377 2154 hastae,

135 2167 282 2251 aalydem
305 2171 452 2232 clavae
473 2170 653 2233 similiorem
682 2171 795 2232 fuisse.
833 2171 1049 2234 Differentiam
1084 2176 1164 2237 enim
1195 2180 1266 2259 ipse
1287 2180 1376 2242 Ver-

133 2277 231 2359 gilius
252 2279 362 2339 inesse
382 2279 491 2340 voluit.

706 2515 740 2606 ἕ.
761 2522 811 2584 tl.

373 2675 431 2729 lte
449 2672 583 2729 funda
599 2675 902 2745 glandibusque
920 2675 1140 2747 plumbeis.

212 2843 358 2907 Romano
391 2846 543 2931 exercitui
575 2846 733 2927 ascriptos
768 2846 923 2928 quosdam
957 2848 1061 2911 fnisse
1101 2848 1222 2909 seimus
1265 2848 1375 2908 feren-

129 2954 230 3016 tarios
257 2959 311 3019 vel
343 2975 523 3032 ascensos,
556 2957 609 3037 qui
643 2956 747 3018 lundis
782 2956 1000 3039 lapidibusque
1034 2958 1270 3039 proeliarentur.
1324 2952 1376 3015 Cf.

129 3065 261 3128 Paullus
291 3086 333 3128 ex
361 3066 460 3129 Festo
489 3086 515 3129 s.
538 3087 569 3128 v.
591 3068 707 3147 velati,
738 3069 924 3150 ascripticii,
955 3068 1090 3130 Varroa.
1114 3067 1227 3149 fragm.
1251 3083 1280 3143 p·
1302 3061 1374 3124 245.

129 3168 182 3230 ed.
206 3169 274 3250 Bip.
317 3171 370 3231 Ne
400 3172 496 3253 igitur
524 3172 689 3234 fundarum
720 3192 813 3236 usum
844 3194 885 3234 ex
912 3175 1099 3255 antiquitate
1129 3173 1181 3235 illa
1203 3171 1374 3233 Homerica

130 3277 283 3340 deducas.
325 3280 462 3341 Praesto
484 3281 563 3341 enim
587 3288 656 3340 erat
677 3279 893 3343 Romanorum
915 3282 1106 3361 exemplum.
1157 3281 1271 3342 Hieme
1292 3279 1373 3339 ltalo

130 3387 293 3467 agricolae
314 3395 409 3466 poeta
430 3384 541 3466 Georg
561 3387 596 3467 Ι,
620 3385 693 3448 307.
715 3388 778 3468 ait,
801 3396 927 3468 tempus
951 3404 1043 3466 esse,

702 3496 783 3557 Tam
801 3502 900 3575 fipere
920 3500 1075 3577 dammas,

214 3600 356 3680 Stappea
377 3607 572 3680 torquentem
594 3602 741 3663 Balearis
762 3605 894 3682 verbera·
908 3606 1075 3685 suadae.

131 3734 265 3797 Camilla
285 3733 337 3794 illa
360 3734 551 3796 Volscorum
571 3733 612 3796 de
636 3744 733 3815 gente
754 3738 819 3813 ΧΙ,
846 3736 917 3802 579.
939 3738 1044 3817 puella
1065 3740 1130 3799 iam
1244 3720 1248 3732 ¹

213 3845 261 3906 Et
275 3845 444 3921 surenam
465 3847 557 3903 tereti
576 3849 696 3905 ciream
717 3852 813 3922 eaput
832 3849 897 3922 epit
916 3847 1040 3907 habena

213 3951 489 4035 Strymoniamque
507 3976 630 4037 praeeat,
653 3964 709 4017 aut
729 3958 835 4018 albam
856 3960 970 4019 deiecit
990 3961 1115 4020 olorem.

130 4085 224 4167 Quod
245 4087 361 4150 eireum
384 4097 479 4168 eaput
499 4089 614 4170 agitur,
639 4089 668 4151 id
691 4090 768 4151 artis
793 4108 868 4151 esse
889 4098 1057 4153 memento.
1106 4091 1268 4174 Vegetius
1290 4091 1373 4153 enim
1406 4060 1415 4075 ⁹

128 4194 193 4270 111,
216 4193 273 4254 14:
291 4193 501 4256 „Fundanos
522 4204 609 4277 sunt,
632 4196 684 4277 qui
708 4194 812 4256 lundis
836 4215 877 4256 ex
897 4198 962 4259 lino
984 4197 1038 4257 vel
1059 4199 1138 4260 setis
1162 4195 1373 4261 laetis-lias

129 4305 212 4363 enim
236 4300 344 4373 dieunt
366 4320 439 4363 esse
461 4303 670 4365 meliores-
702 4311 890 4365 contorto
920 4305 1034 4367 eirea
1062 4314 1185 4387 eaput
1213 4303 1375 4366 brachio

127 4409 267 4494 dirigunt
288 4408 401 4473 saxa“
433 4409 520 4471 Idem
543 4419 648 4471 tamen
672 4411 730 4491 ill,
751 4410 816 4491 aa,
840 4413 985 4493 quotiens
1007 4411 1183 4494 torquenda
1204 4412 1245 4471 sit
1267 4408 1375 4486 funda,
1475 4406 1480 4415 ’

127 4515 224 4578 donet
243 4517 304 4600 ΙΙΙ,
326 4516 382 4578 23:
406 4517 561 4598 „Semper
581 4516 836 4580 adsuescendum
858 4527 919 4600 est,
942 4528 975 4581 nt
996 4520 1117 4580 semel
1139 4526 1260 4582 tantum
1274 4519 1373 4582 tunde

126 4624 214 4687 eirea
236 4633 331 4706 eaput
352 4631 487 4696 rotetur,
520 4643 615 4707 quum
645 4645 686 4687 ex
708 4645 748 4690 aa
769 4627 921 4690 emittitur
942 4609 1086 4689 saxumm
1131 4625 1227 4708 Apud
1250 4628 1391 4713 Vergi-·

126 4730 201 4796 lium
225 4741 335 4796 eontra
356 4731 419 4811 IX,
447 4730 524 4793 586:
