3022 5234
203 282 265 345 118
704 279 761 341 lie
786 277 962 339 loedere.

168 440 233 524 ¹et
252 463 315 543 igni
339 455 589 525 interdioimus.“
633 462 764 523 nonem
786 461 859 535 xil,
893 460 960 522 181.
1004 453 1443 536 i'ontenfluvlosqne

197 578 295 631 vooal
324 579 356 633 et
383 572 509 632 numine
537 571 639 651 ponti,
669 569 805 631 Latinus
825 567 898 631 eol.
921 571 1054 646 lovem,
1086 567 1140 647 qui
1159 563 1291 627 foedera
1314 563 1445 626 fulmine

198 680 321 760 sonuit,
345 681 480 744 batiuus
503 699 577 743 aras
597 681 717 762 tangit,
739 679 924 760 mediosque
955 679 1084 761 ignes.
1127 677 1220 758 Aqua
1254 671 1354 755 igitur
1384 691 1444 732 nou

197 790 269 848 sine
290 787 411 849 ratione
432 787 518 868 apud
539 787 715 870 Vergilium
737 791 768 848 iu
790 805 851 848 usu
873 794 934 862 est,
954 783 1037 866 apud
1051 783 1225 845 Homerum
1250 782 1284 842 ll.
1300 781 1354 849 ΙΙΙ,
1370 779 1443 840 270.

197 889 387 976 βασιλεῦσιν
407 894 533 975 quidem
555 883 643 977 ὕδωρ
665 886 721 954 ἐπὶ
742 892 854 976 χεῒρας
876 882 1005 970 ἔχευαν,
1025 891 1098 952 'sed
1128 891 1208 965 haee
1229 887 1372 969 uulgaris
1393 887 1445 948 illa

197 997 239 1061 ad
269 1001 372 1063 omnio
401 1002 553 1063 convivia
577 1010 611 1063 ot
638 1000 795 1062 saorifloia
820 1007 871 1061 est
899 1006 1046 1061 manuum
1073 992 1207 1073 aolino-3
1241 1019 1260 1059 e
1288 997 1441 1077 religione

199 1107 338 1170 foederis
360 1115 466 1171 autem
487 1104 628 1169 viuum
651 1124 826 1188 praecones
844 1112 1013 1187 apportant
1032 1109 1088 1185 ΙΙΙ,
1100 1107 1177 1168 216ε
1199 1093 1284 1167 οἶνον
1294 1096 1445 1189 ἐΰφρονα,

199 1204 325 1300 καρπόν
344 1203 496 1300 ἀρούρης,
516 1225 549 1277 et
568 1215 645 1278 269:
670 1211 805 1299 κρητῆρι
826 1208 864 1275 δὲ
886 1200 971 1275 oivov
990 1207 1128 1293 Mtoyov,
1150 1215 1230 1277 295:
1255 1199 1350 1274 Οἶνον
1371 1206 1445 1274 d'e'x

199 1321 360 1410 κρητῆρος
380 1312 606 1408 ἀφυσσάμενοι
627 1309 806 1384 δεπάεσσιν
822 1310 966 1397 Ἕκχεοι,
979 1320 1445 1400 precantnrspennoresuou:

192 1420 270 1495 Ὧδέ
293 1430 351 1516 σφ’
373 1422 552 1518 ἐγκέφαλος
572 1419 715 1511 χαμάδις
735 1425 816 1512 ῥέοι,
837 1417 883 1502 ὥς
902 1417 960 1489 ὅδε
982 1415 1085 1504 oium
1107 1428 1191 1509 apud
1213 1424 1391 1511 Virgilium
1406 1428 1444 1492 rie

201 1549 321 1602 eertum
340 1540 465 1623 quidem
481 1549 542 1622 est,
565 1550 669 1602 utrum
686 1539 792 1602 libatio
817 1540 883 1601 174.
906 1538 1108 1616 (paterisque
1128 1538 1243 1597 alteria
1266 1534 1386 1614 libant)
1409 1547 1448 1599 sit

200 1647 280 1724 viui,
301 1668 341 1711 ou
363 1650 468 1729 potius
489 1668 600 1730 aquae.
641 1648 736 1729 Apud
761 1649 932 1711 Homerum
961 1647 1048 1726 igni·
1079 1645 1163 1707 nulla
1193 1640 1327 1727 mentio,
1361 1646 1443 1728 apud

200 1756 380 1840 Vergilium
404 1758 473 1819 1Ι9.
496 1766 529 1818 ot
540 1758 612 1820 201.
636 1765 668 1819 et
689 1756 808 1819 ltine
825 1759 1041 1837 stuprantibue
1062 1760 1129 1817 ar'ie
1149 1752 1255 1817 bermo
1276 1763 1328 1814 est
1331 1764 1444 1837 ‚atquo

201 1863 242 1926 de
264 1864 377 1927 eodem
398 1865 451 1926 illo
474 1866 616 1947 foedere,
641 1866 723 1946 quod
748 1868 865 1929 Livius
886 1868 912 1950 l
935 1868 985 1930 24.
1009 1867 1138 1927 brevius
1162 1865 1325 1943 describit,
1342 1874 1446 1926 namt

203 1973 379 2055 Dionysius
403 1975 473 2034 Hal.
499 1976 539 2035 A.
562 1973 602 2037 R.
625 1977 681 2052 ΙΙΙ,
705 1972 759 2038 lo
792 1970 929 2059 Πρῶτον
958 1969 1018 2054 μὲν
1040 1961 1115 2057 ἱεροὶ
1134 1960 1298 2044 θύσαντες
1318 1961 1448 2052 ὤμοσαν

201 2073 260 2141 e’ni
279 2100 345 2141 των
368 2067 572 2164 ἐμπύρων.

284 2188 314 2251 3.
358 2188 452 2268 Apud
487 2190 660 2253 Homerum
691 2191 755 2275 ΙΙΙ,
794 2189 864 2252 946.
897 2202 1074 2268 praecones
1109 2188 1255 2251 adferunt
1296 2186 1445 2249 victimae

200 2313 246 2357 av
222 2314 324 2379 ouon,
357 2285 436 2381 ἄρνε
457 2285 541 2377 δύω,
575 2300 705 2379 quarum
735 2303 880 2379 nepita
868 2298 939 2360 ‘292
966 2316 1041 2360 ore
1070 2304 1273 2415 ampptautur
1300 2305 1399 2378 atque
1419 2297 1447 2359 iu

199 2409 316 2464 terram
339 2402 555 2487 deponuntur3
580 2406 755 2467 Priamna'
749 2426 817 2486 ipse
837 2403 918 2469 310:
941 2399 976 2478 ἐς
996 2392 1154 2488 δίφρον”
1131 2402 1355 2519 otpvocgtie'en.¹
1378 2406 1447 2467 illi-

137 2568 140 2573 .
199 2513 250 2575 ier
271 2509 364 2570 Maro
389 2509 470 2574 loa.
954 2578 956 2583 .

284 2618 469 2679 Procedant
490 2623 618 2697 enutrio,
638 2639 785 2700 puraque
805 2624 840 2681 tn
862 2626 948 2681 veste
968 2621 1116 2681 sacerdos

286 2723 470 2800 Suetiperae
486 2729 589 2806 setam
610 2731 680 2786 euin
701 2729 922 2806 intonoampae
941 2728 1096 2789 bidentem
1191 2750 1210 2785 ·,

284 2831 406 2890 Attulit
426 2834 633 2913 admovitque
640 2844 741 2910 pecua
760 2839 973 2912 staqrontilns
994 2841 1072 2898 arie.

204 2933 370 2997 Poroam
390 2937 498 3016 itaque
521 2946 553 2999 et
577 2957 688 2999 ovem
711 2939 869 3006 adhibent.
913 2942 1088 3004 Confirmet
1110 2959 1237 3022 porcam
1260 2938 1329 3019 ipse
1353 2945 1448 3020 poeta

204 3036 246 3101 de
266 3039 403 3104 Romulo
426 3044 583 3126 'latioque
605 3048 698 3128 vill,
720 3049 791 3112 611.
813 3070 958 3115 narrans:

290 3147 429 3210 Statana
448 3157 481 3210 et
500 3172 625 3214 ooeaa
645 3157 820 3232 ianqebont
833 3159 966 3236 foedera
986 3176 1121 3234 porco.

205 3278 380 3347 Confirmat
402 3284 514 3346 Livius
534 3287 562 3367 Ι,
584 3286 641 3349 94ι
665 3287 720 3349 ald
744 3288 796 3350 ubi
818 3288 906 3361 dixit,
936 3304 1070 3367 poroum
1093 3305 1174 3349 saxo
1197 3285 1293 3346 siliee'
1310 3278 1446 3366 pereus-

203 3388 275 3448 sina
319 3391 377 3472 lx,
399 3392 436 3455 5:
462 3392 530 3474 „Ut
550 3414 620 3459 euro
644 3398 687 3458 ita
708 3399 848 3479 luppiter
869 3399 975 3479 feriat,
990 3394 1266 3479 'quemadmodum
1290 3395 1450 3455 a'fetiali-

201 3497 262 3560 bus
283 3519 400 3582 porous
421 3499 588 3564 leniatur.“
635 3504 739 3572 liano
763 3508 802 3572 ll.
825 3507 865 3570 R.
887 3508 935 3581 ll,
966 3506 995 3568 4.
1019 3505 1119 3568 merl:
1147 3503 1228 3579 „Ab
1252 3505 1346 3565 suillo
1370 3503 1449 3564 euim

205 3622 328 3686 genere
350 3610 477 3688 peeoris
499 3611 679 3677 immolandi
703 3615 821 3676 initium
838 3613 975 3695 'primum
998 3622 1156 3692 sumptum
1181 3610 1325 3684 videtur,
1362 3611 1451 3671 ouius

202 3712 356 3794 vestigio,
380 3714 462 3796 quod
486 3717 580 3779 initiis
603 3719 732 3783 Cereris
754 3724 842 3802 porci
864 3721 1074 3801 immolantur,
1108 3727 1141 3781 et
1162 3717 1284 3800 quod,
1307 3716 1452 3777 ‘initiis

202 3821 315 3897 pacis
345 3820 490 3884 foedus
520 3843 636 3906 quum
666 3827 833 3909 feritur,
868 3845 1015 3908 porcus
1046 3827 1272 3908 occiditur,
1306 3832 1338 3884 et
1371 3819 1452 3904 quod

200 3930 377 4006 nuptiarum
399 3929 484 3995 initio
506 3935 623 4015 antiqui
648 3954 745 4017 reges
768 3953 807 3997 ao
827 3936 978 3996 sublimes
1001 3938 1061 3997 viri
1085 3941 1117 4000 iu
1140 3936 1290 3998 lletruria
1314 3937 1347 3995 in
1371 3953 1450 3995 oon-

201 4036 358 4099 iunotiona
387 4044 517 4123 nuptiali
547 4064 633 4106 nova
665 4053 761 4125 nupto
796 4052 828 4104 et
859 4062 963 4107 novus
995 4045 1124 4106 maritus
1155 4043 1287 4124 primurn
1322 4059 1452 4122 ploroum

202 4143 399 4207 immolanti
443 4150 511 4212 Sed
533 4151 584 4214 hio
605 4170 720 4231 porous
743 4151 868 4233 ubique,
892 4152 976 4232 apud
990 4152 1165 4233 Vergilium
1187 4140 1302 4229 poroai
1327 4147 1450 4212 Grauis

202 4239 338 4335 deuota,
363 4274 456 4336 quom
481 4258 692 4338 Quintilianus
714 4261 805 4345 Vlll,
827 4258 857 4321 3.
881 4261 950 4340 ipse
973 4261 1096 4322 videtur
1116 4260 1281 4340 tetigisse:
1312 4258 1453 4336 „Quae-

201 4358 273 4421 dam
296 4362 436 4437 [humilia
458 4367 569 4443 verba]
592 4389 652 4430 nou
682 4378 747 4432 tam
775 4371 896 4431 ratione
924 4389 1016 4450 quam
1055 4385 1154 4430 seusu
1183 4366 1378 4444 iudicantur,
1419 4372 1453 4426 ut

148 4536 150 4541 ¹
200 4470 292 4531 illuns
316 4473 419 4532 Goeea
438 4474 613 4549 deturpabant
628 4477 762 4554 foedera
781 4496 900 4556 porea,
934 4476 1009 4537 lecit
1031 4477 1163 4556 elegans
1184 4473 1274 4535 flutio
1297 4472 1451 4550 numiuis;

205 4578 288 4658 quod
311 4581 342 4640 si
363 4579 480 4640 fuisset
500 4599 608 4660 poroo,
637 4583 700 4644 vile
723 4579 830 4647 erat.“
872 4585 990 4665 Neque
1012 4582 1166 4645 vilitatem
1190 4582 1221 4641 iu
1242 4579 1314 4653 hoo,
1348 4596 1451 4662 neque

206 4687 399 4768 elegantiam
420 4693 451 4749 iu
473 4688 535 4754 hoo
558 4689 672 4771 video,
707 4689 963 4772 monendumque
989 4700 1021 4753 et
1051 4710 1182 4773 porcum
1211 4697 1245 4750 et
1270 4706 1401 4768 peream
1424 4689 1454 4750 io

204 4792 335 4860 loedere
356 4794 519 4860 immolari.
562 4795 1042 4882 nudicio.log.11,2a,55:
1078 4798 1221 4879 „Neque
1242 4813 1382 4862 neeesse
1402 4805 1453 4860 oet
