3022 5234
193 233 257 298 Μ
670 237 727 296 De
747 232 962 297 funeribus.

283 418 384 479 Oisia
404 419 622 493 ministeriam,
644 425 677 479 et
695 420 867 480 subiectam
887 437 991 478 more
1008 426 1227 493 parentam

278 526 425 587 Aoerst
443 529 574 583 tenuare
590 527 707 603 facem.

196 633 326 695 Seston.
349 630 444 694 Caes·
464 631 515 694 st.
557 632 593 692 lu
614 650 726 715 rogum
748 649 828 693 vero
847 641 988 695 urentem
1010 652 1072 695 nou
1093 635 1195 695 solnm
1209 650 1310 709 arma,
1334 647 1432 691 orua-

197 748 316 821 meuta,
337 739 489 800 victimae
510 736 773 820 couiieiebantur,
795 738 854 801 sed
875 740 940 802 alis
957 758 1085 823 qaoque
1111 758 1254 819 munera,
1279 738 1435 802 odorifera

197 848 394 929 praesertim.
416 844 475 924 Vl,
497 844 576 909 2242

645 952 802 1030 Congesta
823 964 1004 1018 cremantur

287 1059 389 1120 Tarra
409 1060 501 1132 duaa,
522 1063 634 1138 dapes,
648 1065 726 1141 fuso
748 1072 886 1127 crateres
905 1068 994 1128 olivo.

198 1198 249 1259 De
276 1192 476 1257 libationibus
509 1191 570 1253 iam
602 1209 699 1272 supra
728 1191 980 1278 disputavimus,
1011 1198 1234 1280 attulimusque
1261 1196 1343 1260 inter
1378 1194 1437 1258 elia

199 1302 319 1366 Arnob.
334 1300 412 1378 Vll,
432 1299 497 1379 20,
518 1299 569 1380 qui
594 1307 660 1361 tura
681 1308 712 1361 et
733 1302 838 1364 salsas
861 1304 972 1388 fruges
994 1304 1034 1368 ad
1055 1305 1213 1370 sacrificia
1236 1305 1337 1367 intera
1360 1323 1435 1384 per-

199 1406 326 1492 agenda
351 1410 509 1492 nominat,
532 1409 667 1472 eundern
688 1411 718 1472 b.
740 1412 760 1473 l.
781 1421 909 1493 propter
930 1422 1023 1476 turen
1042 1417 1142 1496 dona,
1164 1418 1261 1493 dapes
1288 1412 1438 1475 laudabi-

200 1536 284 1599 mus,
307 1521 359 1603 qui
378 1500 531 1596 vtttlz
553 1520 681 1600 „Haeo
702 1519 757 1599 ait,
778 1529 851 1583 suut
872 1520 1153 1598 donaoertissima‚
1173 1522 1332 1588 sacrificia
1353 1525 1434 1587 haec

200 1642 297 1704 vera3
326 1645 398 1690 nam
427 1625 613 1708 pulticulae,
634 1634 722 1689 tura
752 1645 836 1691 aum
865 1629 1071 1710 carnibus,
1102 1634 1263 1712 rapacium
1291 1632 1438 1695 alimenta

202 1746 276 1801 sunt
303 1736 419 1822 ignium
448 1744 480 1798 et
507 1736 718 1817 parentalibus
739 1737 995 1826 coniunctissima
1016 1735 1245 1801 mortuorum.“
1285 1742 1338 1804 lle
1359 1741 1438 1804 odo-

203 1846 289 1909 ribus
310 1845 393 1908 adde
415 1848 514 1910 'l'aoit
538 1848 618 1907 Anu.
640 1846 701 1918 lll,
730 1845 766 1909 2:
810 1847 894 1921 „Pro
924 1845 1036 1926 opibus
1065 1847 1126 1908 loci
1148 1855 1294 1936 vestem,
1328 1852 1441 1916 odores

204 1956 328 2035 aliaque
350 1954 493 2014 funerum
515 1951 680 2014 sollemnia
701 1947 917 2015 cremabant.“
942 1951 1031 2013 Pers.
1054 1953 1125 2015 Sat.
1147 1954 1207 2039 Vl,
1228 1955 1284 2019 st:
1307 1961 1436 2038 „Urnae

205 2059 293 2123 Osse
313 2055 443 2118 inodora
464 2055 550 2118 dabit
571 2105 579 2120 .
601 2098 609 2114 .
632 2100 639 2116 .
663 2098 672 2115 .
695 2098 703 2115 .
725 2057 872 2130 „Aeneas
893 2057 960 2135 xl,
981 2055 1031 2118 78.
1055 2075 1155 2130 arma,
1180 2079 1299 2143 equos,
1321 2069 1386 2129 tela
1406 2075 1436 2129 el

203 2165 352 2246 captivos
380 2165 410 2224 iu
437 2181 549 2245 rogum
570 2164 722 2225 Pallantis
742 2163 955 2228 comburenda
975 2166 1108 2230 coniicit.
1151 2170 1187 2230 ln
1210 2169 1363 2236 Caesaris
1384 2195 1439 2237 ro-

205 2292 281 2358 gam
311 2275 469 2342 (Sueton.
488 2273 555 2346 84.)
587 2270 856 2351 „Confestimque
887 2273 1153 2336 circumstantium
1183 2279 1274 2342 turba
1302 2282 1441 2366 virgulta

205 2382 296 2446 arida
317 2391 350 2444 et
368 2400 440 2444 cum
460 2380 619 2441 subselliis
641 2381 824 2460 tribunalia,
860 2380 1010 2461 quidquid
1032 2392 1198 2464 praeterea
1225 2384 1266 2449 sd
1297 2387 1442 2453 doutrm

206 2495 327 2575 aderat,
340 2493 520 2574 congessit:
543 2489 655 2553 deinde
676 2493 821 2553 tibicines
836 2504 868 2553 et
886 2492 1024 2555 scaenici
1047 2493 1185 2556 artillces
1207 2506 1362 2561 vestem
1375 2544 1383 2560 .

206 2612 240 2666 et
262 2609 483 2664 veteranorum
505 2598 634 2660 militum
654 2598 822 2681 legionarii
842 2616 948 2660 erma
968 2616 1047 2680 sua,
1070 2601 1181 2680 quibus
1204 2606 1326 2670 exculti
1346 2608 1441 2671 funus

206 2708 424 2786 celebrabaut3
446 2713 610 2767 mamonae
631 2705 726 2768 etiam
747 2705 917 2786 pleraeque
937 2716 1172 2772 ornamenta
1192 2726 1263 2789 sua,
1285 2732 1441 2801 quaege-

207 2818 335 2892 rebant,
358 2821 390 2877 et
409 2814 576 2875 liberorum
599 2813 733 2876 bullas
753 2822 849 2894 atqua
870 2819 1142 2894 praetextas.“

290 2947 375 3011 Ossa
397 2955 537 3009 aromata
558 2947 630 3008 vino
651 2946 807 3009 interdum
829 2947 1078 3027 aspergebantur
1097 2967 1238 3030 urnaque
1251 2951 1443 3034 legebantur.

208 3042 347 3118 Cauttrm
370 3066 438 3121 orat
458 3057 521 3119 ΧΠ
541 3057 673 3118 'l'abulis
696 3056 782 3130 (Cic.
804 3056 867 3138 leg.
888 3057 930 3136 ll,
951 3056 1009 3136 24,
1032 3058 1117 3139 60.),
1140 3060 1213 3124 NE.
1236 3060 1446 3128 SVMPTV·

207 3163 309 3228 oss.
331 3164 590 3231 Ruspunruo.
618 3162 685 3225 Sed
706 3163 767 3225 iam
791 3162 899 3224 Numa
919 3161 1000 3226 idem
1023 3178 1246 3246 praeceperat,
1268 3176 1356 3232 teste
1371 3172 1448 3235 Plin.

210 3275 253 3338 N.
265 3274 306 3337 Η.
318 3274 410 3355 XlV,
425 3275 478 3339 ll:
503 3276 649 3350 „Numae
670 3275 756 3355 regis
776 3271 939 3367 Postumia
963 3272 1016 3333 lex
1040 3282 1106 3338 est:
1129 3273 1250 3338 VINO.
1274 3255 1448 3343 ROGVM.

210 3384 283 3449 Nu.
312 3382 606 3448 unscuuutuo.
648 3384 699 3444 llx
714 3383 778 3471 ⁸his
809 3383 904 3465 igilur
925 3385 1049 3466 potius,
1082 3402 1175 3465 quam
1206 3405 1248 3448 ex
1277 3388 1447 3452 Homerico

212 3491 336 3557 αἴθοπι
356 3486 445 3570 οἴνῳ,
467 3500 559 3569 poeta
581 3489 632 3551 illa
654 3488 744 3550 duxit
764 3486 825 3566 Vl,
847 3486 925 3548 226:

297 3637 472 3712 Postquam
491 3629 633 3706 conlapsi
651 3631 772 3686 maeres
792 3632 824 3685 e!
840 3629 970 3704 stamma
989 3630 1117 3707 quievit,

296 3740 460 3819 Reliquias
482 3740 572 3797 nino
594 3741 626 3794 ct
644 3733 779 3794 bibulam
800 3732 905 3793 lavere
921 3732 1076 3814 favillam,

297 3849 441 3927 Ossaque
462 3849 540 3908 lecta
562 3847 639 3907 cado
660 3849 743 3905 tecit
763 3843 948 3921 Corynaeus
968 3862 1057 3907 aeno.

217 3960 268 4024 Of.
291 3956 401 4019 'l'ibull
425 3957 480 4030 lll,
503 3954 540 4025 2,
566 3953 619 4014 ts:

298 4092 340 4152 ut
361 4091 490 4170 primum
514 4104 634 4148 annoso
655 4091 806 4164 spargant
829 4082 962 4144 collecta
984 4084 1125 4165 [lyaeo

386 4201 464 4260 Mox
487 4199 580 4258 eliam
601 4198 694 4258 niveo
718 4192 847 4255 fundere
875 4194 960 4255 lacte
981 4203 1102 4274 parent.

218 4325 441 4408 set-Vergilii
462 4338 578 4384 versuo
597 4320 668 4381 228.
690 4320 784 4381 etiam
806 4337 845 4379 eo
866 4325 1024 4378 momento
1046 4317 1085 4379 ab
1111 4316 1253 4377 Homero
1283 4313 1452 4395 discrepat.

218 4435 302 4518 quod
323 4435 475 4496 Hectoris
497 4447 573 4493 ossa
595 4422 628 4501 ἐς
648 4421 784 4510 χρυσέην
805 4410 925 4510 φιάλην
945 4431 1115 4504 ponuntur,
1136 4421 1257 4483 Miseni
1279 4423 1359 4481 cado
1382 4438 1456 4481 acac

218 4552 375 4627 teguntur.
404 4572 443 4585 -
465 4537 602 4601 Ossibus
625 4532 822 4615 compositis,
844 4534 897 4613 qni
919 4530 1021 4592 funeri
1042 4528 1217 4603 adfuerant,
1238 4545 1324 4609 aqua
1336 4524 1456 4589 lustrali

219 4671 239 4712 a
261 4649 430 4731 pollutione
460 4654 622 4709 contracta
646 4643 867 4724 purgabantur.
922 4638 1025 4720 Quem
1053 4640 1146 4701 ritum
1173 4655 1252 4699 vere
1281 4635 1458 4700 Romanoa

222 4761 302 4819 satis
324 4755 504 4820 inlustravit
525 4752 659 4818 Servius
679 4749 720 4813 ad
740 4750 805 4827 Vl,
824 4749 901 4812 229:

1023 4879 1041 4941 a
