3022 5234
489 264 767 350 lingentibus
796 267 1003 332 Romanis
1128 328 1134 345 ,
1313 274 1378 340 777

127 444 307 520 penetralis
326 450 380 510 vel
401 450 532 510 interior
551 451 674 526 domus,
696 453 782 509 intra
802 458 885 512 tecta
905 451 1127 534 frequentare
1148 463 1245 536 posta
1263 452 1377 518 dicun-

130 558 193 631 tur,
218 570 256 612 ea
277 570 336 633 pro
355 564 499 635 tempore
520 554 679 635 modoque
702 557 756 618 vel
776 556 817 618 ad
838 563 963 630 atrium,
987 561 1042 624 vel
1063 563 1105 625 ad
1125 563 1302 646 peristylia,
1323 566 1378 628 vel
1404 644 1407 649 Α

129 656 170 720 ad
194 659 299 739 spatia
319 678 520 742 nequaquam
544 671 631 724 osrto
647 661 824 725 delinienda
846 666 996 730 interiora
1018 671 1144 731 omuino
1161 681 1254 746 erunt
1276 689 1377 734 rovo-
1501 716 1506 721 -

130 766 241 832 canda,
295 768 486 851 Fastigia
518 777 643 846 minen,
665 786 748 847 quae
778 771 872 833 tectis
902 792 966 836 nou
997 793 1070 837 raro
1092 777 1269 838 tribuuntur
1289 798 1321 839 v.
1344 796 1377 860 g.

128 876 165 956 1,
186 875 259 941 438.
302 878 347 951 ll,
367 873 440 937 aba
462 875 533 938 444.
555 874 625 939 tos.
646 875 717 940 758.
761 878 858 956 vill,
885 879 957 944 306.
981 883 1065 962 491,
1087 900 1181 964 quum
1204 885 1378 948 Homerios

128 987 241 1046 saltem
272 983 419 1046 aedilicia
447 984 539 1064 plano
568 992 654 1046 teoto
684 986 853 1050 videantur
886 989 990 1052 fuisso
1020 990 1192 1073 instruero,
1224 1012 1244 1056 a
1272 994 1377 1058 Roma

128 1093 291 1174 fastigiata
313 1101 385 1154 orta
404 1111 480 1154 esso
505 1095 674 1158 oonoedes.
723 1096 852 1159 Fratres
878 1100 959 1161 Oroi
991 1100 1054 1162 iam
1083 1099 1207 1165 Gellius
1228 1105 1324 1190 xvi,
1345 1107 1377 1171 5.

127 1204 190 1262 iter
208 1209 381 1282 angustum
401 1203 583 1281 explicavit

211 1310 328 1372 Restat
349 1308 484 1390 denique
504 1313 678 1392 posticum,
701 1329 764 1393 quo
785 1312 897 1374 Horat.
921 1314 1014 1394 epist.
1034 1316 1060 1390 Ι,
1079 1313 1117 1391 5,
1136 1313 1199 1397 dl„
1223 1326 1258 1379 ut
1279 1319 1379 1381 eliens

127 1427 210 1488 atria
228 1442 366 1489 servans
385 1425 519 1501 fallatur,
541 1424 664 1488 suadet
715 1425 807 1486 Haeo
831 1425 901 1504 ipsa
930 1432 1023 1504 porta
1052 1422 1083 1486 iu
1104 1423 1222 1486 Priami
1243 1423 1378 1487 aedibus

129 1552 195 1596 son
215 1535 308 1596 deest
329 1538 370 1612 ΙΙ,
392 1534 469 1596 453ε
1168 1517 1169 1521 “

212 1642 327 1705 [eduen
345 1649 417 1704 erat
437 1661 614 1721 caecaeque
631 1644 722 1721 fores
744 1649 777 1704 at
792 1646 923 1721 perores
943 1658 1025 1700 usus

215 1753 379 1813 Tortorem
400 1756 482 1812 inter
499 1771 538 1811 >se
559 1751 693 1835 Priami,
712 1759 883 1831 posteaque
903 1750 1010 1811 relicti

210 1859 242 1918 A
263 1866 361 1934 temo.
383 1901 392 1919 .
416 1903 424 1920 .

128 1975 163 2028 ut
185 1964 283 2027 aedes
298 1968 462 2030 Romanas
481 1986 501 2030 a
521 1972 623 2050 primo
646 1967 732 2031 aditu
753 1967 794 2029 ad
812 1976 989 2029 extremum
1010 1965 1129 2027 exitum
1142 1963 1377 2043 animopoetae

130 2075 322 2137 obversatas
343 2091 421 2135 esse
442 2078 627 2157 perspicias.

689 2303 723 2387 q.
753 2305 803 2366 ra.

506 2469 564 2521 lle
583 2466 776 2534 gentinus
795 2462 1004 2519 Ronramls.

178 2605 182 2612 ⁵
215 2634 487 2712 Quemadmodum
510 2635 700 2718 singularem
724 2634 783 2694 sibi
805 2634 964 2693 hominum
988 2629 1138 2692 italorum
1154 2628 1246 2690 Mero
1267 2626 1376 2689 eonoi-
1401 2706 1405 2711 ,

128 2739 220 2800 liavit
248 2739 389 2801 favorem
427 2758 538 2802 omnes
570 2742 638 2803 lere
672 2740 780 2801 ltaliae
809 2739 943 2819 populos
966 2734 1173 2817 nominando,
1207 2732 1376 2809 laudando,

129 2845 265 2908 eundem
297 2847 329 2909 in
350 2848 477 2910 modum
508 2849 655 2912 nobilium
682 2851 896 2912 Romanorum
926 2845 1065 2913 studium
1094 2866 1145 2927 eo,
1172 2842 1374 2928 quodmodo

128 2955 261 3019 historia
284 2957 337 3018 illa
353 2957 497 3018 Rornaua
516 2957 595 3019 libro
617 2964 712 3018 s'exto
736 2968 768 3020 et
789 2966 905 3020 ootuvo
928 2956 1049 3018 intexta
1062 2972 1169 3016 eorum
1184 2972 1266 3017 avos
1279 2952 1375 3017 laude

108 3069 163 3124 ‘et
182 3061 302 3122 honore
320 3062 512 3138 cumulavit,
540 3063 633 3126 modo
663 3064 777 3126 heroes
808 3063 963 3125 Troianos
996 3061 1149 3142 quosdam
1179 3071 1212 3124 et
1232 3050 1374 3143 gentium

128 3177 278 3232 auotores
300 3169 437 3230 carmine
472 3171 655 3232 celebravit.
699 3172 824 3250 Quibus
845 3172 1018 3235 rationibus
1040 3175 1179 3251 tangitur
1199 3184 1283 3252 gens

212 3278 318 3338 irum.
362 3276 491 3359 Integra
520 3277 589 3337 lere
622 3276 744 3339 Aeneis
777 3279 809 3339 in
830 3278 924 3339 huius
944 3278 1077 3359 gloriam
1097 3274 1158 3336 tuit
1185 3273 1374 3356 composita.

128 3382 201 3444 Duo
221 3365 414 3464 insigniores
437 3391 512 3445 suut
533 3384 594 3444 looi
617 3384 678 3456 Vl,
700 3382 780 3446 790.

557 3491 621 3552 Hir
643 3493 764 3559 aanor
785 3501 816 3555 rt
836 3497 937 3554 omnir
959 3492 1026 3554 Iuli

213 3597 400 3673 Proqem'es,
421 3616 573 3676 moenum
595 3598 675 3660 coeli
694 3607 827 3662 ventura
848 3603 906 3661 sub
929 3619 1034 3660 amem.

131 3701 163 3782 1,
182 3702 259 3763 288:

213 3811 332 3892 Iulius,
356 3831 376 3873 o
397 3833 511 3891 rnoyno
532 3817 704 3878 demissum
725 3837 838 3878 nomen
861 3816 944 3878 [olor

213 3916 382 3982 Corvum.
425 3922 603 4000 V11,706:

211 4026 302 4086 Eoos
321 4028 514 4090 Sabinorum
532 4034 640 4107 priseo
666 4031 704 4090 de
725 4033 883 4118 sanquine
903 4047 1053 4118 magnum
1170 4100 1172 4107 Ι

220 4133 348 4210 Aymen
369 4155 469 4212 syros
491 4136 632 4198 Clausus
652 4140 822 4215 moysique
843 4141 911 4211 ipae
931 4138 1068 4212 ayminis
1089 4137 1206 4210 instar,

214 4238 394 4301 Claudia
418 4262 438 4301 o
460 4261 520 4321 quo
542 4261 630 4303 nuno
651 4245 840 4322 dr'ffmtdr'tur
861 4243 1014 4303 attribue
1034 4249 1188 4320 etyerrs

213 4348 280 4408 Per
301 4349 445 4432 Latium,
464 4358 635 4431 postquam
657 4355 692 4412 in
710 4358 834 4428 partem
857 4353 933 4419 duta
953 4350 1055 4413 Roma
1075 4352 1213 4413 Satine.

129 4452 215 4517 nom
236 4464 343 4519 narrat
363 4457 436 4519 [riva
458 4459 498 4534 ΙΙ,
522 4458 577 4522 162
607 4459 782 4540 „Namque
803 4459 901 4520 Attus
924 4455 1081 4541 Clausus,
1105 4456 1155 4519 oui
1176 4461 1293 4536 postea
1313 4453 1374 4532 Ap.

131 4559 268 4624 Claudio
290 4563 351 4627 tuit
371 4565 494 4629 Romae
525 4586 639 4629 nomen
668 4596 710 4611 -·
731 4596 771 4611 -
795 4565 930 4629 Romam
951 4564 1132 4646 transfugit
1176 4563 1238 4624 His
1261 4560 1376 4624 oivitas

130 4666 207 4731 data
229 4687 374 4753 agerque
395 4683 483 4736 trans
505 4674 660 4735 Anienem
670 4712 686 4749 ‚-
700 4681 796 4735 vetus
818 4671 953 4736 Claudio
974 4673 1092 4740 tribus,
1119 4669 1238 4733 additis
1261 4675 1375 4752 postea

131 4776 227 4849 novis
248 4778 424 4859 tribulibus,
450 4781 501 4862 qui
524 4800 565 4843 ex
588 4800 626 4843 eo
648 4781 793 4843 venirent
811 4799 907 4864 agro,
930 4778 1117 4861 appellatam
1169 4832 1173 4839 .

1090 4893 1167 4958 15*
