3022 5234
523 255 581 315 Do
602 259 830 314 castrorum
853 249 991 311 forma.
1338 243 1381 303 95

217 439 324 502 Nimis
347 439 420 500 trita
440 394 554 499 (ieiude
574 442 650 496 sunt
666 434 737 496 itta:
757 451 887 494 coortum
909 436 1064 512 conferre,
1087 451 1264 510 conserere,
1288 451 1383 533 com-¹

135 556 257 612 mittere
279 550 339 627 IX,
362 547 412 607 45.
433 542 505 607 690.
527 543 597 604 741.
633 545 693 620 XI,
715 539 785 603 283.
819 541 893 612 XII,
916 539 988 603 480.
1009 539 1080 599 678.
1117 541 1190 610 xii,
1213 539 1266 601 60.
1308 540 1380 601 lta-

135 661 197 720 rius
220 655 309 738 iliud,
333 652 415 735 quod
437 653 476 716 de
498 670 605 734 pugna
627 649 862 710 vehementiore
886 648 1013 711 dieitur:
1036 649 1097 708 vir
1120 650 1245 710 virum
1269 652 1380 730 legit.

136 768 231 849 Apud
254 769 421 830 Maronem
446 766 486 840 X,
511 762 589 824 361:

379 875 500 935 Haeret
517 874 598 951 pede
616 890 675 949 pes
697 871 879 948 densosque
899 874 986 928 ciro
1009 875 1081 930 air.

132 957 172 1037 X,
194 955 273 1018 734:

219 1065 336 1127 Obvius
359 1065 552 1140 adversoque
574 1065 724 1136 occurrit,
748 1080 845 1140 seque
865 1064 947 1122 ciro
969 1065 1030 1122 or'r

216 1170 366 1237 Contulit.
946 1173 949 1182 '

134 1285 297 1368 Χ1,632;

214 1393 399 1470 Inplicocrc
418 1393 502 1449 inter
522 1407 558 1449 sc
579 1392 666 1448 acies
687 1388 855 1466 lecitque
874 1390 1001 1447 cirum
1022 1391 1089 1449 vir.

134 1502 187 1565 Ad
210 1519 293 1582 quac
312 1497 458 1580 quamvis
479 1497 510 1556 in
533 1505 671 1576 mentem
692 1495 801 1554 veniat
824 1494 956 1555 Homeri
976 1513 1090 1556 versus
1111 1495 1146 1555 ΙΙ.
1168 1496 1258 1571 xiii,
1282 1494 1359 1561 131:

259 1596 384 1678 Ἀσπὶς
404 1594 457 1688 ἄρ’
479 1591 596 1664 ἀσπίδ’
618 1592 737 1684 ἔρειδε,
760 1587 857 1684 κόρυς
877 1586 982 1683 κόρυν,
1003 1589 1102 1685 ἀνέρα
1124 1599 1153 1661 δ’
1176 1591 1267 1688 ἀνὴρ

133 1727 240 1781 tameu
263 1735 326 1776 non
348 1734 389 1774 ex
413 1713 494 1789 hoc,
524 1709 583 1772 sed
610 1729 627 1772 e
654 1710 809 1772 Romanis
829 1710 988 1773 historicis
1009 1712 1177 1792 poetisque
1199 1713 1298 1774 verba
1320 1733 1383 1775 ex-

133 1842 248 1904 pressa
270 1840 346 1883 esse
368 1829 490 1880 certum
513 1826 564 1879 est
587 1837 618 1879 v.
632 1837 664 1898 g.
686 1837 728 1879 ex
746 1818 843 1880 Furio
865 1818 994 1880 Antiate
1016 1821 1118 1881 onoai.
1140 1819 1197 1884 IV.
1222 1820 1383 1894 (Macrob.

133 1933 203 1996 Sat·
225 1931 257 1992 V
260 1932 286 2010 1,
308 1929 372 2003 3.);

216 2041 388 2101 Pressotor
408 2036 490 2118 pede
512 2055 580 2117 pes,
607 2053 714 2098 mucro
736 2053 898 2116 mucrone,
919 2037 990 2097 viro
1012 2039 1070 2100 vir.

135 2169 178 2211 ex
199 2149 301 2210 Ennio
324 2147 421 2219 (Hirt.
441 2147 478 2208 Β.
501 2146 592 2225 Hisp.
614 2145 696 2214 31.):

218 2256 283 2317 Pes
305 2257 456 2336 premitur
479 2253 560 2333 pede
583 2263 615 2314 et
637 2253 732 2314 armis
754 2272 841 2314 orma
862 2260 1013 2316 teruntur.

134 2363 323 2443 Ciltivius,
340 2365 391 2445 qui
413 2368 484 2425 siue
507 2363 600 2424 dubio
623 2361 818 2441 antiquiores
839 2362 979 2424 imitatus
1001 2372 1052 2423 est
1069 2362 1194 2446 1X,39:
1219 2364 1322 2427 „Cum
1334 2366 1384 2427 vir

132 2471 234 2532 virum
258 2471 422 2551 legissem
466 2471 508 2544 X,
532 2471 589 2531 38:
620 2470 698 2531 ”Eis
719 2469 851 2544 dictum,
873 2478 907 2530 ut
929 2469 978 2530 vir
999 2473 1100 2532 virum
1124 2471 1298 2553 legerent«
1333 2473 1385 2536 cf.

133 2579 329 2642 'l'acitHist
350 2581 377 2662 1,
399 2579 458 2640 28:
481 2575 597 2657 ”Apud
617 2579 812 2657 frequentem
832 2577 961 2638 miiitum
981 2578 1165 2641 concionem
1184 2581 1384 2660 imperatoria

133 2688 295 2750 brevitate
320 2684 463 2766 adoptari
486 2685 525 2747 ad
548 2704 585 2747 se
609 2686 772 2757 Pisonem,
808 2704 895 2747 more
925 2686 989 2746 divi
1020 2688 1159 2770 Augusti
1183 2698 1216 2750 et
1237 2690 1384 2769 exemplo

133 2798 269 2879 miiitari‚
293 2818 353 2880 quo
375 2800 424 2860 vir
445 2799 547 2860 virum
572 2801 704 2881 tegeret,
728 2799 936 2878 pronuntiatu

133 2905 183 2966 nd
206 2909 248 2976 11,
274 2908 349 2970 Ηὸε

199 3012 416 3096 Quisquis
436 3039 482 3093 es,
505 3024 641 3080 omissos
663 3022 742 3080 hinc
763 3025 828 3081 iem
850 3022 1032 3081 obliviscere
1057 3019 1189 3101 Graios,

217 3126 255 3184 N
258 3134 370 3186 oster
392 3133 485 3192 cris.

105 3231 269 3292 ·Servius
293 3231 440 3295 adnotet:
472 3232 586 3293 ”Licet
607 3233 720 3298 hostis.
773 3236 815 3295 lm
848 3243 939 3315 sunt,
975 3245 1008 3296 ut
1035 3234 1191 3295 habemus
1220 3235 1248 3294 iu
1276 3233 1379 3305 irivio,

129 3340 327 3421 imperatoris
353 3342 452 3403 verba
479 3343 675 3423 transfugam
697 3344 879 3423 recipientis
904 3345 934 3404 in
953 3342 1063 3405 iidem:
1102 3342 1299 3424 Quisquis
1328 3362 1383 3424 es,

130 3457 273 3510 noster
295 3453 409 3514 oris.“

221 3558 368 3638 Denique
398 3559 651 3641 sanguinoieutis
685 3580 724 3620 ex
749 3562 818 3624 ocie
846 3560 1050 3622 redeuntibus
1072 3559 1199 3621 Seneca
1220 3558 1310 3637 epist.
1331 3556 1381 3620 67.

128 3673 237 3724 uarrat
275 3665 335 3726 dici
371 3667 514 3727 solitum:
554 3669 688 3727 Macte
717 3668 871 3730 virtute
904 3676 1004 3728 esto.
1069 3667 1113 3730 Et
1147 3667 1246 3727 iulum
1278 3684 1386 3749 pugna

130 3772 292 3834 victorem
317 3773 523 3836 decedentem
546 3776 660 3855 Apoiio
683 3778 851 3857 compellat
874 3778 932 3856 IX,
956 3775 1034 3836 ott:

214 3882 325 3942 Macte
347 3900 428 3941 noca
446 3887 563 3942 virtute
581 3904 672 3956 perer.

130 3989 183 4051 Cf.
206 3988 280 4050 [riv.
304 3990 364 4068 IV,
393 3989 448 4050 toz
474 3991 577 4069 „Tum
601 3991 753 4052 dictator:
776 3993 885 4051 Macte
908 3990 1038 4072 virtute,
1060 3989 1167 4070 inquit,
1199 3987 1237 4051 C.
1256 3985 1384 4053 Servili,

129 4107 214 4180 esto,
237 4098 368 4160 liberata
392 4101 596 4181 republica.“
632 4103 743 4181 xxti,
766 4102 824 4162 49:
859 4099 934 4182 „Ad
957 4119 996 4163 ea
1018 4106 1144 4164 consui:
1167 4099 1215 4159 'l'u
1246 4094 1386 4176 quidem,

127 4206 188 4268 Cn.
213 4206 354 4288 Corneli,
382 4215 488 4269 macte
510 4209 629 4270 virtute
651 4204 759 4270 esto.“

717 4409 752 4500 n.
774 4414 823 4476 n.
859 4482 864 4489 ,

517 4547 576 4601 lte
597 4550 829 4602 castrorum
848 4547 998 4605 torma.

219 4683 458 4748 Castrimetatio
486 4682 569 4765 apud
590 4693 731 4747 nostrum
751 4689 796 4748 ita
817 4696 870 4749 est
892 4685 1058 4766 descripta,
1084 4693 1129 4766 ut,
1155 4681 1303 4765 quamvis
1323 4699 1386 4744 ne-

138 4812 203 4876 que
224 4790 341 4874 pedum
362 4791 530 4877 iongitudo
551 4810 653 4874 neque
676 4791 808 4855 latitudo
829 4792 920 4854 uobis
942 4791 1123 4876 definiatur,
1146 4789 1310 4852 Romanus
1334 4797 1387 4851 ta-
