3022 5234
565 267 620 329 De
641 267 813 337 foedere,
1111 270 1117 277 ’
1246 265 1306 329 11⁷

63 447 240 515 secundum
275 451 407 513 Plinium
437 451 466 511 iu
489 451 622 511 naturali
644 449 775 513 historia
796 469 837 511 ex
857 450 995 513 humano
1018 469 1130 513 ernnro
1153 468 1306 531 procrea-

64 553 148 617 tur.“
192 558 310 621 bocnm
334 558 431 621 Plinii,
450 577 510 619 non
533 557 658 631 inveni,
687 556 746 617 sed
775 557 835 617 buc
863 563 1020 638 pertinent
1047 560 1115 621 eius
1135 559 1247 640 XXll,
1275 558 1306 621 3.

65 663 182 727 verba:
204 665 390 747 „Siquidem
413 673 561 751 auctores
584 665 703 743 imperii
735 665 870 726 Romani
899 665 1144 749 conditoresque
1172 667 1306 729 immen-

64 791 136 834 sum
169 773 316 854 quiddam
333 762 378 835 ¹et
399 773 474 835 binc
496 770 704 851 [ignobilibus
725 769 848 851 herbis]
872 789 1057 854 sumpsere,
1079 777 1223 854 quoniam
1244 798 1308 840 non

64 879 190 943 aliunde
213 883 399 963 sagmina
422 885 455 943 in
477 881 624 942 remediis
646 881 777 959 publicis
800 879 888 943 fuere
910 888 943 940 et
965 881 996 941 in
1015 883 1116 943 sacris
1138 884 1306 966 legationi·

64 989 191 1071 busque
224 992 450 1055 verbenae.¹
483 992 579 1057 Certe
605 1000 740 1069 utroque
762 991 886 1052 bomine
906 988 989 1051 idem
1012 990 1226 1071 significatur,
1248 990 1308 1055 boc

65 1107 127 1173 est,
148 1116 309 1179 gramen
333 1118 385 1168 ex
406 1119 498 1161 arce
528 1115 617 1159 cum
644 1115 713 1158 sna
744 1105 852 1166 terna
882 1097 1089 1178 evulsum,
1121 1115 1162 1158 ac
1182 1118 1308 1179 sempor

64 1207 239 1286 elegatis,
269 1224 363 1288 quum
392 1206 431 1269 ad
461 1206 571 1268 hostes
592 1205 844 1287 clarigatumque
865 1209 1077 1282 mitterentur,
1106 1205 1229 1285 idest,
1257 1223 1310 1266 res

64 1322 175 1394 raptas
196 1315 280 1377 clare
299 1318 485 1396 repetitum,
520 1333 604 1376 unns
633 1318 743 1394 utique
764 1314 969 1375 verbenarius
990 1311 1202 1377 vocabatur.“
1246 1312 1310 1391 Qui

64 1416 147 1497 apud
170 1419 303 1480 Plinium
324 1419 510 1493 verbenarii,
532 1417 613 1500 apud
636 1419 810 1501 Vergilium
832 1427 906 1480 sunt
925 1420 999 1493 Xll,
1025 1420 1100 1489 120:

94 1612 97 1616 .
154 1529 260 1590 Veluti
280 1529 352 1590 limo
374 1536 406 1588 et
424 1531 593 1590 verbena
615 1537 755 1607 tempora
775 1533 881 1589 cirrati.

64 1634 215 1698 Servius:
257 1637 434 1719 „Verbena
469 1641 593 1717 proprie
628 1646 679 1697 est
716 1636 813 1696 herba
851 1645 1108 1717 sacra·sumpla
1144 1637 1191 1701 de
1219 1640 1308 1703 loco

63 1761 182 1806 sacro
215 1746 437 1827 Capitolii,
471 1764 534 1827 qna
561 1744 793 1813 coronabantur
818 1745 948 1805 fetiales
976 1753 1007 1806 et
1038 1755 1128 1826 pater
1163 1756 1309 1827 patratus

62 1854 194 1917 foedera
224 1855 336 1918 facturi
365 1856 418 1918 vel
446 1855 528 1917 bella
556 1854 734 1919 indicturi.“
780 1855 882 1917 Vnrrn
916 1853 956 1915 de
987 1854 1044 1915 vit.
1076 1856 1110 1916 P.
1132 1854 1172 1919 R.
1194 1856 1308 1938 fragm.

63 1966 120 2030 lll.
141 1985 170 2046 p.
189 1965 269 2026 247:
309 1963 550 2045 „Verbenarius
579 1964 702 2025 ferebat
735 1964 922 2043 verbenam3
968 1963 1001 2026 id
1034 1955 1102 2025 eret
1132 1963 1308 2042 cadnoens,

63 2075 154 2154 panis
176 2076 319 2157 signum3
351 2093 422 2135 nam
446 2073 594 2135 Mercurii
624 2074 748 2153 virgam
780 2091 952 2152 possumus
981 2067 1197 2133 existinrare.“
1233 2072 1308 2133 Ad,

64 2182 168 2245 iirmat
202 2183 316 2245 deiude
336 2181 475 2246 'Plinius
509 2183 537 2247 4.
572 2184 687 2245 nullam
725 2202 873 2245 mironem
901 2183 1065 2265 graminea
1092 2181 1307 2267 luisse-nobi-b

62 2296 185 2357 liorem.
226 2290 320 2372 Quod
341 2290 381 2353 de
409 2290 617 2373 legationibus
649 2294 708 2371 ait,
746 2290 837 2353 idad
859 2290 990 2351 feedera
1012 2291 1149 2353 maxime
1171 2296 1306 2367 spectet.

62 2402 178 2463 Livius
199 2399 239 2461 de
261 2399 393 2462 foedere
414 2418 486 2461 cnrn
509 2395 825 2478 Carthaginiensibus
846 2397 970 2459 iciendo
991 2407 1099 2460 narrat
1118 2397 1226 2477 XXX,
1248 2395 1306 2458 432

64 2509 208 2570 Fetiales
238 2525 332 2588 quum
359 2507 390 2566 in
423 2505 564 2566 Africam
595 2503 636 2565 ad
672 2503 786 2565 foedus
816 2504 990 2565 feriendum
1032 2507 1078 2567 ire
1116 2506 1308 2579 iuberentur,

62 2614 141 2693 ipsis
163 2614 396 2694 postulantibus
417 2611 727 2673 senatusconsultum
749 2612 778 2671 in
800 2611 881 2672 banc
902 2612 1002 2673 verba
1023 2611 1231 2675 factumest:
1273 2621 1309 2673 ut

62 2722 173 2804 privos
193 2721 316 2802 lapides
334 2722 440 2783 silices
461 2721 632 2800 privasque
654 2720 853 2783 verbenas
874 2738 983 2783 secum
999 2721 1127 2802 ferrent,
1151 2723 1198 2784 uti
1209 2738 1307 2800 prae-

62 2841 113 2894 tor
133 2833 296 2894 Romanus
318 2830 366 2889 bis
387 2829 567 2910 imperaret,
592 2838 625 2890 ut
646 2827 762 2890 lnedus
783 2828 924 2908 ferirent,
942 2829 985 2891 illi
1007 2837 1187 2910 praetorem
1205 2850 1305 2912 sag-

62 2941 168 3002 mina
202 2948 379 3019 poscerant.
422 2938 551 3000 Herbae
572 2938 603 2999 id
624 2954 728 3020 genus
751 2956 800 2998 ex
821 2957 916 3000 arce
936 2948 1095 3019 sumptum
1118 2940 1184 3002 dari
1206 2939 1305 3002 letia-

60 3049 145 3110 libns
167 3044 283 3109 solet.‘·'
308 3050 438 3109 Paullus
460 3068 501 3108 ex
517 3049 626 3113 Peste:
647 3047 824 3128 „Sagmina
844 3046 990 3110 dicebant
1003 3046 1120 3109 herbas
1135 3049 1306 3130 verbenas,

63 3159 136 3238 quia
158 3176 199 3216 ex
218 3155 289 3216 lncn
311 3164 422 3218 sancto
444 3156 634 3219 arcebantur
654 3150 713 3230 (ir
727 3154 843 3236 legalis
874 3155 1148 3236 proficiscentibus
1169 3155 1210 3216 ad
1232 3157 1306 3217 ioe-

62 3263 123 3325 dus
145 3262 323 3325 faciendum
354 3263 532 3342 bellumque
551 3260 748 3324 indicendum
773 3262 826 3322 vel
848 3281 868 3323 a
888 3262 1063 3324 sanciendo
1090 3261 1122 3324 id
1147 3272 1199 3327 est
1225 3283 1305 3327 con-

61 3367 247 3435 lirmando.“
301 3368 398 3432 Plane
431 3369 543 3430 eadem
570 3374 649 3431 rab'o
679 3372 710 3428 in
743 3372 871 3449 antiquo
898 3370 951 3430 illo
972 3369 1103 3432 loedere
1124 3379 1255 3453 apparet
1278 3373 1304 3455 l,

61 3479 123 3540 24:
165 3478 325 3559 „Fetialis
352 3495 458 3557 regem
487 3476 610 3538 'l'ullum
633 3479 678 3537 ita
701 3477 843 3557 rogavitz
886 3477 1023 3539 iubesne
1045 3497 1115 3560 me,
1136 3500 1216 3562 rex,
1235 3502 1306 3545 cum

61 3595 152 3667 patre
173 3595 296 3665 patrato
320 3585 426 3666 populi
448 3585 560 3647 Albani
582 3584 695 3645 foeilus
717 3580 833 3646 ferire?
857 3586 985 3645 iubente
1006 3605 1095 3668 rege,
1116 3582 1306 3673 sagmina,

61 3695 180 3776 inquit,
214 3701 269 3768 te,
301 3712 389 3775 rex,
422 3709 556 3773 posco.
600 3692 671 3754 Rex
703 3692 761 3752 ait:
797 3692 911 3753 Puram
941 3693 1049 3754 tollito.
1097 3695 1230 3760 Fetialis
1257 3719 1307 3760 ex

61 3821 154 3867 arce
175 3801 369 3885 graminis
389 3799 552 3862 herbam
581 3820 716 3882 puram
746 3801 879 3862 attulit«

145 3935 175 3997 ἲ.
217 3935 422 4011 PnrroXll,
447 3933 521 3996 llo:

312 4041 383 4104 Ain
398 4045 550 4124 sontem
572 4044 784 4119 ipnemquc
800 4043 956 4119 ferebant.

59 4149 156 4229 Aqua
177 4157 210 4211 et
230 4150 315 4230 iguis
336 4148 421 4228 apud
432 4149 597 4215 Romanm
622 4150 650 4209 in
667 4149 873 4209 sollemnibus
891 4149 1030 4212 formulis
1048 4158 1138 4212 erant
1151 4153 1305 4235 insignes,

57 4259 91 4319 in
111 4257 311 4337 gravissimis
332 4257 471 4339 negotiis
492 4256 736 4321 adhibebantur:
779 4258 895 4338 „Aqua
915 4265 948 4318 et
969 4258 1056 4338 igni,
1083 4261 1186 4339 iuquit
1208 4260 1308 4320 Paul-

58 4363 111 4425 lus
134 4383 176 4431 ex
198 4365 307 4437 Festo,
331 4372 395 4433 tam
416 4363 560 4425 interdici
581 4364 663 4426 solet
685 4364 858 4442 damnatis,
880 4384 975 4446 qnam
997 4367 1156 4446 accipiunt
1177 4368 1304 4445 nuptae.

57 4471 171 4552 ltaque
193 4465 390 4552 [itemque‘i]
413 4470 508 4531 l'unus
529 4471 691 4549 prosecuti
716 4471 886 4533 redeuntes
909 4473 1045 4554 ignem
1078 4473 1306 4554 supergradie-

57 4576 174 4638 bantur
194 4596 301 4659 aqua
322 4581 460 4658 aspersi,
474 4577 559 4658 quod
572 4581 770 4660 purgationis
787 4599 891 4663 genus
909 4581 1067 4643 vocabant
1081 4582 1304 4645 milidonem«

60 4686 214 4749 Servius:
261 4689 368 4751 »Sane
395 4687 435 4750 ad
465 4676 613 4750 iacienda
637 4687 770 4777 foedera
803 4706 887 4769 aqua
923 4697 954 4749 et
989 4688 1072 4770 ignis
1106 4687 1306 4759 adhibentur.

60 4772 192 4857 Ubdee
215 4802 344 4876 contra,
373 4812 453 4875 quos
475 4813 584 4857 arcere
605 4796 752 4857 volumus
773 4814 794 4857 a
815 4804 923 4857 nostro
945 4797 1125 4880 consortio,
1153 4797 1202 4858 eis
1223 4816 1308 4880 aqua
