3022 5234
165 242 221 308 Ile
240 243 393 329 clipeo,
415 257 553 328 scuto,
576 262 733 332 parma,
752 247 1041 344 poltapcetra,
1063 254 1204 322 ancili.
1266 257 1308 323 67

59 448 123 494 aes
142 429 279 509 triplex,
313 425 428 490 deinde
450 427 562 500 linum,
593 425 727 512 deniquo
748 435 870 494 corium
891 432 1005 515 triplex
1025 437 1183 502 murinum
1205 459 1307 522 pene-

60 550 138 606 trat.
177 541 215 602 ln
233 537 296 598 lino
318 556 396 599 vero
416 536 591 598 adhibendo
613 538 717 600 nullus
746 538 876 622 dubito,
902 543 975 623 quin
996 543 1140 609 Maronis
1163 546 1307 616 doctrina

58 647 218 734 quaedam
247 644 337 707 nobis
365 643 527 727 incognita
554 662 595 703 ex
616 644 778 707 annalibus
800 644 939 709 fortasse
958 649 1012 710 vel
1032 651 1158 732 templis
1178 655 1305 721 Roma.

59 779 170 829 norum
191 758 291 838 petita
312 755 418 816 lateat.
441 753 484 818 Ut
506 753 687 839 Mezentio,
715 755 759 818 ita
778 757 912 820 Aeneae
930 757 1026 821 lrasta
1046 760 1153 824 'I'urno
1173 761 1307 829 re'clndit

60 868 145 949 XII,
166 865 243 929 925:

383 971 520 1050 Clipci
539 979 701 1033 ectrcmoe
721 973 1003 1052 septemplicia
1024 976 1142 1042 ertia

61 1083 93 1145 in
116 1099 178 1164 qno
202 1098 331 1144 numero
352 1087 447 1160 poeta
468 1064 567 1152 σάκος
589 1080 699 1141 Aiacis
721 1080 896 1142 'l'elamonii
918 1081 1138 1166 Homericum,
1169 1085 1304 1169 Sopho·
1388 1158 1391 1163 .

60 1191 166 1254 oleum
189 1172 386 1280 iaccddeocv
406 1194 539 1249 secutus
562 1193 621 1262 est,
643 1187 805 1248 materiam
823 1206 916 1270 voro,
938 1175 1133 1267 utvidimus,
1156 1197 1303 1260 mutavit·

59 1298 208 1379 Denique
231 1295 396 1376 Cyclopes
419 1295 550 1356 Aeneae
569 1293 645 1370 XII,
666 1291 745 1354 447:

144 1406 310 1482 Iapeatem
330 1404 503 1480 clipeum
524 1405 710 1483 informant,
731 1419 831 1462 anum
851 1406 957 1464 amata
978 1412 1089 1468 coam

148 1515 223 1576 Tela
244 1512 442 1585 Latinorum,
465 1515 728 1588 septenosque
749 1510 874 1570 orbitae
895 1511 1010 1574 orico

141 1622 323 1701 Inpedient.
914 1677 917 1684 .

61 1730 164 1812 Quari
191 1737 315 1811 potest,
337 1746 377 1789 an
398 1735 494 1808 poeta
514 1727 544 1788 in
567 1725 631 1787 lroc
652 1723 860 1795 describendo
883 1743 996 1787 revera
1016 1730 1121 1792 anlmo
1144 1749 1204 1795 suo
1225 1755 1304 1818 pro.

58 1842 205 1924 posuerit
232 1844 356 1916 septem
385 1834 494 1909 orbes,
520 1834 549 1893 io
576 1850 656 1915 quos
683 1831 757 1894 illud
784 1832 877 1910 clipei
898 1851 963 1892 noa
982 1839 1158 1900 enarrabile
1178 1847 1304 1906 tectum

59 1949 215 2017 diviserit.
259 1943 342 2024 Quid
354 1943 537 2023 suspicatus
553 1951 585 2005 et
599 1949 774 2025 auguratus
786 1940 856 2011 sim,
880 1942 1018 2003 lectores
1036 1940 1174 2022 audiant,
1198 1966 1305 2029 neque

47 2044 182 2142 'quaeso
209 2053 538 2132 accipianttauquam
567 2052 757 2111 senteutiam
786 2049 870 2130 apud
893 2069 943 2113 me
963 2048 1060 2113 fixam
1082 2060 1115 2114 et
1135 2061 1303 2140 statutam,

59 2165 119 2231 sed
140 2162 242 2248 qualis
263 2160 421 2222 hominum
437 2165 558 2223 meotes
573 2156 673 2221 ,inlabi
689 2157 794 2222 soleat
805 2175 1035 2239 saepenumero
1051 2160 1149 2225 fallax
1163 2172 1195 2227 et
1209 2183 1302 2228 vana.

59 2278 97 2338 ln
124 2279 250 2353 septem
282 2267 375 2328 orbes
403 2265 457 2326 vel
480 2263 603 2326 tabulas
626 2264 726 2326 omnis
748 2266 800 2326 illo
822 2263 991 2348 descriptio
1013 2268 1101 2330 facili
1121 2289 1220 2351 opera
1239 2291 1302 2353 po-

59 2388 126 2445 test
157 2374 320 2453 distribuI,
352 2375 397 2434 ita
426 2381 460 2434 ut
494 2371 593 2452 prIma
629 2390 711 2435 avos
743 2372 816 2434 inde
849 2374 889 2434 ab
924 2375 1066 2437 Ascanio
1101 2375 1303 2460 lupamque

58 2490 176 2552 iratres
198 2480 343 2566 geminos
372 2480 403 2542 in
432 2489 521 2543 antro
550 2482 738 2543 nutrientem
768 2480 927 2543 contineat
955 2481 1174 2565 [v111,028:
1196 2486 1301 2566 illia),

58 2591 201 2659 secunda
230 2589 345 2653 bellum
376 2587 552 2668 foedusque
590 2588 781 2650 Sabinum
820 2587 919 2660 (6352
951 2589 1022 2650 Nec
1054 2592 1172 2669 procul
1197 2593 1301 2674 laiac),

58 2703 150 2766 tertia
185 2699 357 2760 Mettum
392 2687 546 2777 quadriga
578 2693 746 2757 discissum
782 2694 881 2771 (caaz
915 2696 1016 2759 Haud
1043 2701 1162 2778 procul
1187 2701 1300 2782 iada),

60 2816 171 2893 quarta
193 2796 443 2868 Porsennam
464 2810 539 2863 ante
561 2810 670 2883 portas
690 2801 825 2880 Romae,
848 2804 937 2866 cuius
953 2803 1207 2887 Capitolium
1229 2826 1301 2870 earm
1343 2879 1345 2883 ,

57 2913 185 2982 Romuli
214 2913 305 2995 regia
334 2930 352 2972 e
380 2910 547 2992 longinquo
574 2909 834 2990 conspiciebatur.
877 2911 1036 2992 Capitolio
1065 2925 1161 2997 poeta
1187 2912 1300 2979 Gallos

59 3023 227 3089 addiderat
254 3018 293 3080 ab
322 3036 384 3079 una
411 3027 501 3099 parte
522 3035 643 3079 saxosa
672 3019 829 3080 exteriore
856 3021 1098 3104 aggredientes,
1136 3025 1176 3086 ab
1202 3026 1300 3089 altera

58 3129 207 3194 interiore
228 3125 335 3189 Salios
359 3125 585 3205 Lupercosque
606 3133 828 3206 matronasque
849 3129 1064 3209 supplicantes
1086 3129 1201 3212 (VIII,
1221 3132 1299 3195 cto:

57 3241 128 3304 Nec
149 3254 222 3296 non.
242 3233 314 3294 655.
334 3231 448 3312 Adpue
468 3233 531 3294 laic.
551 3229 628 3293 663:
651 3233 739 3303 Hic.)
780 3232 834 3293 Ad
855 3234 967 3313 imum,
990 3244 1023 3297 ut
1043 3234 1190 3317 videtur,
1210 3255 1298 3299 mar-

58 3349 163 3430 gInem
184 3344 214 3404 in
236 3344 375 3423 quintam
395 3339 426 3400 ni
447 3338 550 3419 lallor,
564 3339 700 3401 tabulam
711 3341 916 3421 relegaverat
942 3341 1149 3408 'I'artarum
1171 3344 1297 3428 etdty-

57 3455 139 3518 aium
163 3451 277 3533 (Vlll,
297 3447 381 3511 6662
403 3447 489 3507 Hinc
509 3447 648 3525 procel).
690 3445 794 3508 Sexto
816 3447 887 3510 loco
910 3449 989 3512 670:

139 3559 228 3623 Haec
245 3562 327 3617 inter
346 3556 459 3616 tumidi
479 3554 542 3614 Inte
565 3558 664 3614 mara
681 3556 748 3614 idat
767 3559 880 3632 imapo,

141 3666 268 3736 Aurea·
286 3663 344 3725 ned
358 3665 461 3741 stacta
482 3661 674 3737 spumabant
692 3661 858 3721 caerula
883 3679 999 3741 caae;

140 3776 189 3837 Et
209 3778 329 3834 circam
351 3773 520 3845 arpenta
541 3768 623 3828 clari
641 3767 806 3846 delphines
825 3771 860 3827 in
879 3770 983 3828 orbem

138 3883 289 3965 Aequora
309 3881 477 3943 verrebant
495 3881 607 3939 ccadia
629 3876 811 3957 coetumque
830 3877 989 3936 accedam.

58 4014 94 4075 In
113 4011 217 4090 medio
239 4033 316 4075 vero
338 4013 416 4073 marl
437 4008 519 4070 bella
539 4007 674 4071 Actiaca
694 4026 763 4070 cum
788 4009 872 4068 omol
904 4024 964 4070 suo
985 4017 1142 4090 apparatu
1171 4012 1293 4100 bellico,

59 4122 216 4201 Romano,
240 4118 458 4203 Aegyptiace,
480 4114 561 4176 700:
1219 4105 1231 4122 ⁹

395 4223 505 4286 Saevi!
524 4224 623 4284 credie
643 4224 679 4282 in
700 4224 869 4282 certamine
888 4221 1022 4285 Movere

142 4334 293 4399 Caelatus
309 4335 333 4412 s
337 4352 435 4393 erro.

59 4458 262 4540 Cleopatram
284 4455 448 4518 Vulcanus
469 4451 543 4515 709.
566 4450 789 4541 pallentem
812 4448 941 4514 facerat
971 4454 1006 4516 In
1031 4455 1146 4538 quibus
1168 4461 1202 4516 et
1221 4473 1294 4517 me-

57 4565 134 4629 talla
154 4573 188 4627 et
218 4562 409 4624 metallorum
438 4559 562 4621 colores
584 4574 644 4618 noo
666 4558 737 4617 sine
759 4565 827 4620 arte
849 4557 1004 4640 disposuit
1024 4558 1199 4640 Vergilius,
1221 4579 1292 4624 om-

56 4676 197 4752 nInoqua
217 4670 247 4732 in
269 4666 330 4732 hac
350 4667 456 4737 tabula
476 4665 603 4748 dignum
627 4662 780 4740 exhibuit,
801 4664 886 4744 quod
905 4666 1007 4748 pictor
1028 4666 1180 4747 quispiam
1192 4687 1292 4732 eone-

55 4788 108 4844 tur
134 4776 307 4862 effingere,
343 4775 508 4839 Itomanae
540 4770 663 4854 gloriae
696 4777 942 4833 monumentum.
983 4772 1130 4852 Denique
1156 4775 1291 4855 septime

1044 4883 1096 4948 5*
