3022 5234
135 232 179 295 88
523 234 986 317 Ilecateiaetaclyde.

138 412 265 498 qnidam
287 422 435 476 auserunt
457 415 511 476 teli
530 435 636 497 genus
659 435 734 478 esse
756 419 838 492 tale,
868 419 961 498 quale
983 417 1114 500 aclydes
1131 429 1219 498 stunt.
1249 439 1291 480 ex
1312 438 1384 480 ma-

136 523 215 587 teria
238 536 333 603 qnam
356 522 494 583 maxirne
515 523 611 604 lenta,
734 524 860 586 cubitus
882 524 1090 610 longitudine,
1113 533 1180 588 tota
1200 528 1268 588 lere
1285 528 1387 588 clavis

138 632 251 697 ferreis
270 631 407 714 iIIIgata,
439 648 532 711 quam
562 632 592 693 in
624 630 745 694 hostem
769 633 946 694 iaculantes
968 633 1108 706 lineis,
1139 633 1386 714 quibusoam

139 741 437 818 adnumerant,
469 740 716 819 reciprocam
737 741 953 803 faciehant.
998 741 1131 805 Cateiae
1153 751 1261 803 antem
1280 742 1388 824 liogna

141 845 315 911 'I'heofisca
336 845 452 906 hastae
474 843 665 923 dicuntur.]u
710 848 758 907 Ita
785 847 815 909 in
845 848 918 909 edit.
951 848 1041 909 Lien.
1094 851 1156 911 Pro
1180 852 1308 912 cubitus
1338 855 1420 913 ter

140 955 281 1039 gendum
300 952 425 1014 videtur
447 953 555 1014 cubito
577 952 602 1015 S
625 954 643 1013 i.
667 974 693 1017 e.
716 955 814 1016 semis
836 957 980 1038 nnllaque
1002 956 1173 1020 statuenda
1195 959 1319 1027 lacuna,
1351 965 1385 1018 nt

141 1084 184 1127 ex
205 1063 316 1128 Isidor.
337 1061 466 1136 XVIII,
494 1061 535 1143 7,
557 1062 585 1126 7.
608 1070 713 1141 patet:
748 1062 890 1142 octavo,
921 1065 1024 1143 qualis
1047 1065 1101 1126 fnit
1126 1067 1273 1127 Herculis
1297 1065 1390 1146 dicta,

145 1169 230 1254 qnod
250 1169 352 1233 elavit
374 1170 415 1229 sit
436 1169 548 1229 ferreis
569 1168 706 1231 Invicem
729 1152 884 1253 religata,
916 1180 949 1231 et
978 1181 1028 1233 est
1051 1173 1155 1235 cubito
1178 1177 1277 1234 semis
1302 1172 1390 1234 facta

141 1277 173 1340 in
194 1275 400 1358 longitudine.
449 1276 543 1337 Haec
567 1282 600 1337 et
621 1278 738 1349 caleio,
773 1297 865 1358 quarn
888 1280 1057 1341 Dorcatius
1079 1281 1181 1343 caiam
1203 1281 1285 1344 dicit.
1331 1283 1390 1344 nst

146 1385 229 1446 enirn
251 1401 355 1464 genus
380 1380 493 1445 Gallici
515 1382 569 1443 teli
589 1401 629 1443 ex
653 1387 785 1445 materia
806 1403 899 1465 qnam
923 1392 1059 1448 maxime
1081 1389 1176 1469 lenta,
1201 1409 1284 1470 qnae
1307 1392 1390 1454 iacta

144 1490 268 1575 quidem
290 1511 352 1552 non
374 1491 470 1572 longe
492 1501 619 1572 propter
642 1494 832 1575 gravitatem
855 1495 976 1574 evolat,
999 1493 1070 1575 sed,
1093 1514 1154 1579 qno
1177 1499 1334 1577 pervenit,
1358 1499 1388 1558 vi

144 1599 239 1661 nimia
268 1598 443 1681 perfringit.
495 1598 587 1676 Quod
619 1599 646 1659 si
678 1599 719 1659 ah
750 1597 872 1659 artifice
905 1601 1061 1673 mittatur,
1094 1621 1217 1664 rursum
1240 1606 1330 1665 venit
1352 1604 1391 1667 ad

147 1725 230 1781 eum,
250 1709 303 1786 qui
324 1706 415 1766 misit.
466 1707 571 1767 Huius
595 1708 734 1769 meminit
759 1708 923 1791 Vergilius
948 1709 1076 1792 dIcens:
1111 1712 1201 1773 Tent.
1227 1732 1249 1776 r.
1271 1730 1298 1773 s.
1321 1721 1343 1774 t.
1365 1733 1390 1775 c.

147 1813 241 1878 Unde
263 1821 295 1874 et
317 1831 374 1873 eos
399 1813 534 1894 Hispani
563 1824 594 1874 et
623 1812 707 1876 Galli
737 1823 883 1877 teutonas
916 1826 1062 1879 vocantu
1111 1817 1256 1881 Eundem
1288 1829 1392 1880 tamen

148 1922 321 2005 Isidorum,
355 1931 383 1991 si
414 1931 572 1991 oculorum
595 1930 696 1990 aciem
720 1926 912 2007 intenderis,
945 1926 1070 1988 videbis
1093 1927 1241 1986 Servium
1265 1929 1390 1986 omniuo

149 2047 304 2102 mutasse.
354 2039 491 2101 Servius
524 2042 605 2098 enhu
638 2037 698 2113 ait,
732 2037 866 2096 cateiam
890 2034 981 2096 lineis
1003 2035 1022 2096 i.
1045 2054 1072 2096 e.
1095 2035 1172 2095 loris
1198 2034 1251 2093 vel
1271 2033 1392 2094 catenis

149 2163 226 2208 esse
249 2142 424 2221 adnexam,
451 2147 495 2207 ita
524 2145 641 2223 emitti,
673 2153 769 2224 atque
794 2161 813 2203 a
835 2143 978 2202 mittente
999 2144 1191 2222 reciprocam
1214 2139 1302 2201 reddi
1325 2142 1343 2201 i.
1366 2162 1391 2201 e.

150 2260 235 2315 retro
258 2252 355 2329 trahi,
391 2254 434 2314 ita
457 2262 491 2315 ut
514 2254 623 2315 eodem
647 2255 709 2316 telo
730 2253 859 2333 saepius
883 2253 1005 2315 eminus
1027 2255 1123 2313 misso
1144 2253 1256 2314 hostes
1277 2251 1392 2312 acriter

151 2363 275 2445 possiut
303 2360 471 2423 vulnerari.
523 2359 666 2421 IsIdorns
699 2379 761 2420 non
792 2358 988 2420 Intellexisse
1021 2358 1148 2420 vIdetur
1179 2359 1278 2421 lineas
1311 2357 1391 2431 illas,

151 2472 338 2554 putavitque
358 2490 377 2529 e
398 2488 490 2530 manu
514 2468 638 2529 omnino
662 2470 741 2529 mitti
762 2468 821 2530 hoo
841 2470 936 2528 telnm
954 2465 1124 2529 artificioso
1141 2466 1276 2549 quodam
1297 2466 1391 2538 iactu,

152 2581 198 2642 ita
229 2588 265 2641 nt
298 2596 357 2639 sno
390 2577 490 2658 ipsius
517 2578 658 2657 pondere
685 2595 807 2656 suaque
835 2577 935 2637 forma
967 2578 1043 2638 miro
1076 2574 1211 2655 quodam
1235 2583 1392 2635 momento

152 2705 263 2750 rursus
292 2704 348 2766 per
376 2703 480 2745 aerem
510 2693 676 2745 revertens
704 2685 898 2749 revolvatur.
946 2686 1026 2747 Tale
1051 2684 1144 2746 hodie
1176 2683 1391 2744 Australornm

154 2798 358 2877 Boumerang
379 2797 431 2855 vel
454 2794 546 2855 Kilee
568 2794 758 2857 describunt.
799 2794 932 2857 Rectius
962 2793 1094 2874 Papiast
1130 2790 1265 2865 „Cateiu
1288 2791 1394 2871 lingna

156 2906 329 2968 Persarum
351 2910 400 2962 est
421 2903 540 2984 sagitta
561 2902 722 2965 barbulata
745 2904 815 2963 sivo
838 2903 943 2982 hasta,
967 2920 1029 2982 qna
1052 2898 1199 2960 utebatur
1213 2897 1391 2963 Hercules3

156 3021 226 3074 erat
244 3011 326 3073 enlm
342 3027 414 3071 oum
436 3009 541 3090 ligulis
556 3018 748 3089 catenarum,
771 3018 815 3092 et,
831 3008 956 3091 qnando
978 3027 1048 3070 eam
1068 3006 1259 3087 proiioiehat,
1285 3005 1393 3065 iterum

156 3138 230 3183 cum
253 3097 632 3183 catenularetrahebat,“
655 3116 748 3194 Quod
761 3115 932 3179 Herculem
958 3134 996 3176 ea
1011 3133 1101 3176 nsum
1118 3130 1194 3172 esse
1217 3098 1394 3188 contendit,

157 3249 198 3291 na
219 3225 341 3289 mireris
363 3225 394 3284 in
416 3223 468 3283 tali
490 3232 641 3302 auctore,
664 3224 873 3284 'Ientonionm
895 3223 975 3283 enim
999 3222 1088 3282 ritum
1112 3230 1144 3280 et
1154 3217 1320 3300 Vergilius
1336 3215 1395 3277 ad-

158 3343 301 3415 severat,
323 3352 362 3396 ac
385 3332 508 3396 Gallum
532 3331 688 3413 videmus,
719 3334 750 3393 ni
772 3330 916 3411 fallimur,
952 3329 1065 3393 eodem
1094 3330 1157 3390 telo
1190 3335 1346 3390 armatum
1368 3327 1396 3387 in

157 3442 210 3503 illa
233 3440 273 3502 de
294 3438 425 3502 Valerio
448 3436 588 3501 Corvino
611 3437 694 3520 apud
718 3436 853 3501 Gellium
872 3438 929 3512 tx,
945 3435 991 3497 11.
1010 3437 1204 3498 narrationet
1227 3437 1323 3510 „an
1344 3437 1395 3494 io·

159 3556 248 3612 terea
271 3546 448 3625 Gallorum,
470 3558 565 3610 vasta
587 3556 617 3607 et
640 3545 737 3610 ardua
759 3546 949 3628 proceritate
970 3545 1128 3624 armisque
1149 3562 1224 3603 auro
1246 3540 1392 3623 praeful·

159 3654 305 3741 gentihus
335 3653 467 3735 grandia
499 3654 680 3736 ingrediens
716 3663 748 3714 et
778 3642 870 3716 manu
897 3654 992 3713 telum
1015 3653 1282 3731 reciprocans
1306 3652 1397 3712 ince-

160 3757 293 3828 debat.“
315 3761 395 3839 Quid
418 3764 499 3824 enim
522 3761 605 3828 alind
626 3764 833 3843 reciprocare,
855 3779 946 3842 qnam
971 3759 1075 3823 Servii
1099 3758 1172 3820 illud
1200 3759 1395 3837 reciprocum

161 3863 297 3934 facere?
319 3871 354 3929 In
377 3872 426 3931 illo
439 3870 629 3938 dissentiunt
642 3871 734 3934 medii
747 3875 817 3931 aevi
832 3869 1015 3948 scripturae,
1030 3866 1114 3947 qnod
1131 3867 1182 3928 alii
1200 3878 1231 3927 nt
1246 3864 1396 3946 IsidornS,

162 3977 322 4042 Aellricus
342 3978 459 4057 (gloss.
480 3996 608 4042 saxon..
633 3980 749 4059 „clava
771 3978 822 4038 vel
847 3977 949 4043 cateia
973 3977 1023 4036 vel
1046 3969 1398 4056 teutona“),NicoIans

165 4083 323 4165 Specialis
346 4083 404 4160 (de
425 4084 489 4145 reb.
515 4085 611 4150 Sicul,
637 4085 711 4164 l'll,
733 4083 769 4144 5:
791 4084 879 4167 „HIc
900 4101 979 4142 vero
1002 4082 1125 4141 clavam
1148 4088 1268 4161 rotans,
1305 4098 1399 4160 qnam

165 4195 239 4279 galli
260 4201 408 4277 cateyum
429 4188 585 4258 vocant“)
609 4190 778 4269 clavum,
801 4191 854 4252 alii
877 4188 1048 4267 utPapias,
1064 4195 1160 4266 poeta
1180 4186 1272 4265 Abho
1286 4191 1398 4261 (carm

126 4332 130 4349 ·
164 4305 310 4368 debello
343 4300 441 4364 Paris.
467 4300 602 4381 glossar.
637 4297 765 4361 dardum
788 4300 940 4380 explieat)
970 4304 1064 4378 atque
1092 4295 1161 4377 ipse
1193 4296 1339 4358 Donatus
1360 4293 1399 4355 ad

164 4413 342 4496 Vergilium
379 4412 569 4486 (‚,erontque
596 4406 709 4470 hastae
741 4414 878 4489 angusto
901 4416 933 4467 et
955 4403 1045 4466 brevi
1066 4403 1196 4476 ferro.“)
1238 4394 1400 4464 hastam

166 4527 268 4591 luisse
291 4513 493 4582 contendunt.

249 4654 346 4719 Oscis
368 4651 500 4730 aliisque
521 4649 645 4734 populis
659 4624 775 4712 Italicis
789 4646 953 4727 Vergilius
974 4644 1088 4722 simile,
1102 4650 1135 4704 nt
1146 4638 1287 4720 videtur,
1303 4639 1401 4703 telum

168 4762 273 4828 tribuit
292 4763 369 4844 vn,
391 4757 471 4824 tan:
