3022 5234
421 359 422 364 ἵ
491 277 551 343 De
583 278 856 345 divinatione.
893 244 896 249 .

34 456 40 467 ’
140 464 239 527 Mons
260 466 381 525 circam
400 469 432 524 ct
451 467 573 541 maqlrc
595 466 699 542 arpos
723 466 845 524 cortr‘rm
867 461 1011 523 reclusio.

139 571 298 634 Submissi
314 575 452 648 patimus
473 576 592 631 terram
612 575 645 630 ct
664 590 728 630 coa
745 573 853 649 fertur
873 570 917 629 acl
935 572 1024 629 aurae
1023 609 1160 631 .....

60 676 206 742 Alterum
239 678 399 740 oracutum
427 677 626 758 Apollineum
656 660 786 738 Aeneas
816 675 855 736 ab
883 676 1008 736 Heleno
1035 676 1092 741 ΙΙΙ.
1110 674 1180 740 359.
1211 678 1301 760 petit,

60 795 95 848 et
115 784 185 847 374.
207 784 332 866 accipit.
376 783 479 847 Cuius
499 783 584 864 apud
614 787 764 864 antiquos
785 771 957 864 scriptores
980 787 1170 847 mentionem
1193 791 1299 849 exsti-

56 895 139 955 tisse
160 897 256 955 testis
278 900 328 955 est
355 892 473 954 Festus
505 910 532 954 s.
553 911 584 952 v.
607 891 764 954 Romam:
812 890 1030 976 »Agathocles
1060 890 1294 973 Cycizenarum

56 1020 160 1063 rerum
183 999 378 1062 conscribtor
398 1001 461 1080 ait,
482 988 683 1061 vaticinio
710 997 854 1060 Heieni
886 997 1089 1077 inpulsum
1117 1000 1296 1063 Aeneam

56 1107 179 1170 ltaliam
205 1107 360 1187 petivisse
386 1114 562 1186 portantem
584 1122 676 1167 suam
696 1120 805 1166 secum
827 1111 955 1184 neptem
978 1105 1097 1168 Ascani
1117 1105 1213 1170 filiam
1235 1127 1297 1170 no-

56 1216 140 1276 mine
173 1197 351 1276 Rhomen‡“
404 1213 547 1300 Tertium
581 1202 738 1274 oraculum
776 1210 974 1273 notissimum
1009 1211 1084 1276 iliud
1115 1194 1134 1277 a
1176 1200 1302 1298 Sibylla

58 1321 200 1384 Cumaea
229 1322 294 1400 Vt,
316 1319 345 1381 9.
375 1337 444 1402 sqq.
469 1319 612 1400 petitum,
644 1317 728 1399 quod
749 1318 888 1379 sonasse
908 1319 971 1381 ism
991 1319 1138 1383 Naevius
1159 1322 1192 1384 in
1207 1300 1299 1386 tibris

58 1429 131 1491 betti
161 1428 290 1492 Poenici
318 1427 444 1502 hebuit,
482 1444 575 1506 quum
597 1432 630 1486 et
652 1424 722 1504 ipse
743 1432 776 1485 et
797 1424 875 1485 Piso
895 1425 925 1484 iu
946 1427 1109 1489 annalibus
1129 1428 1211 1492 hanc
1245 1430 1302 1493 Si-

58 1535 177 1618 byllam
198 1537 381 1599 nominasse
403 1535 546 1598 dicuutur
570 1532 734 1614 (tractant.
756 1535 783 1612 Ι,
796 1534 852 1605 6.).
877 1535 975 1597 Porro
998 1534 1130 1600 Latinus
1152 1518 1227 1616 vil‘,
1238 1540 1298 1604 81:

227 1646 303 1707 lica
324 1644 479 1705 sollicitas
499 1644 650 1702 amastrin
670 1642 803 1702 oracula
823 1634 941 1717 Fauna)
1004 1648 1007 1653 '

140 1755 284 1819 aarum·
299 1759 464 1837 paritario,
488 1755 558 1814 adit
576 1753 724 1830 lacospac
743 1751 801 1812 aab
822 1750 889 1812 alta

147 1865 293 1927 consula
312 1861 459 1923 Albunea
482 1894 525 1907 -
544 1893 586 1905 -

142 1973 228 2033 Hinc
250 1972 350 2032 Italae
368 1977 480 2048 pratea
501 1973 665 2048 amaroque
687 1968 835 2043 Oenotria
856 1966 953 2029 tellus

145 2081 189 2140 Ia
209 2080 311 2140 dadila
333 2096 488 2155 responsa
507 2082 631 2155 petant,
652 2076 717 2136 aar
738 2078 821 2136 Mota
840 2075 990 2136 sacerdos

148 2188 228 2249 Cam
250 2187 324 2246 tulit
344 2192 376 2246 et
395 2200 561 2245 caesaram
582 2178 685 2244 ocium
706 2186 764 2244 aab
785 2192 875 2245 nocta
895 2186 1004 2245 atlanti

145 2296 290 2356 Pellibus
312 2296 589 2378 sarabaitarum
611 2271 798 2369 somnosque
815 2295 934 2369 petivit,

143 2402 251 2462 Multa
272 2402 370 2460 modis
392 2400 566 2459 simulacra
587 2400 672 2458 videt
693 2398 854 2458 volitantia
873 2401 972 2474 miris,

142 2510 189 2569 Et
210 2513 319 2568 carias
338 2510 430 2569 audit
449 2527 538 2567 'cocao
555 2509 740 2587 fruiturque
761 2508 888 2566 deorum

143 2614 313 2697 Ocalopaio
334 2618 436 2694 aduae
455 2619 526 2676 imis
546 2614 730 2676 Acheronta
752 2617 884 2694 adfatur
905 2614 1052 2677 Auernis.

60 2724 155 2785 Hunc
176 2721 342 2783 incubandi
372 2722 464 2781 ritum
488 2740 550 2782 non
573 2721 672 2781 sotum
696 2721 736 2782 do
759 2719 893 2785 Graecis
914 2721 1048 2803 probare
1069 2719 1177 2800 possis
1199 2698 1300 2784 Cicess

63 2849 141 2893 rone
163 2829 257 2891 divin.
280 2827 653 2910 1,43:„Atqueetiam‚
677 2831 729 2909 qui
755 2838 923 2909 praeerant
942 2828 1221 2907 Lacedaemoniis,
1241 2850 1305 2892 non

61 2937 201 2998 contenti
223 2936 427 3019 vigilantibus
450 2935 557 3016 curis,
587 2939 620 2999 ln
643 2936 823 3016 Pasiphaae
845 2936 938 3013 fano,
973 2936 1057 3020 quod
1078 2945 1130 2999 est
1162 2937 1194 2999 in
1224 2957 1302 3020 agro

55 3053 190 3125 propter
212 3044 333 3117 urbem,
355 3042 533 3104 somniandi
554 3060 651 3105 causa
672 3043 869 3120 incubabant,
892 3048 967 3126 quia
987 3062 1065 3105 vera
1085 3046 1198 3126 quietis
1222 3063 1298 3107 ora-

61 3151 134 3213 oula
156 3148 341 3210 ducebant«
384 3148 444 3210 sed
475 3148 515 3210 de
544 3149 695 3212 Romanis
715 3167 854 3232 quoqne,
889 3170 982 3232 quum
1002 3151 1032 3212 in
1056 3151 1211 3231 Capitolio
1233 3151 1299 3215 fieri

63 3259 106 3320 sit
127 3256 262 3320 solitum.
307 3257 461 3319 Seruius:
485 3246 665 3336 „incubare
687 3255 830 3318 dicuntur
850 3258 974 3337 proprie
1000 3255 1042 3330 bi,
1064 3256 1117 3336 qui
1146 3238 1303 3320 dormiunt

63 3366 103 3429 ad
127 3365 310 3447 accipienda
332 3381 496 3445 responsa.
538 3363 629 3427 Unde
656 3371 705 3424 est
741 3363 1203 3444 (Plaut.curo.11‚a,1o.):
1246 3367 1303 3429 iilo

61 3474 188 3536 incubat
209 3475 278 3535 lovi
301 3475 319 3533 i.
341 3491 368 3531 e.
391 3469 503 3531 dormit
524 3471 556 3531 in
577 3471 751 3552 Capitolio,
776 3478 809 3531 ut
829 3488 982 3551 responsa
1001 3469 1103 3551 possit
1122 3471 1301 3554 accipere·.“

63 3580 196 3641 Paullus
217 3597 259 3639 ex
286 3578 399 3641 Festos
433 3575 588 3658 „Cubaus
610 3578 800 3656 auspicatur,
825 3577 877 3656 qui
899 3575 930 3636 in
951 3576 1035 3638 lecto
1057 3579 1178 3656 quaerit
1199 3599 1305 3663 augu-

64 3681 181 3751 rium.“
229 3684 390 3764 Vergilius
417 3702 479 3744 non
515 3681 621 3745 dubito
654 3684 727 3765 quin
758 3682 808 3744 iila
830 3682 869 3743 de
903 3683 956 3744 tali
980 3683 1081 3744 Fauni
1114 3685 1242 3750 oraculo
1264 3704 1306 3746 ox

64 3792 210 3853 Varrone
230 3794 335 3854 aliove
357 3811 460 3869 rerum
481 3791 678 3871 anitiquarum
701 3790 889 3870 indagatore
910 3789 1060 3851 hauserit.
1104 3789 1196 3867 Quod
1219 3796 1304 3855 euim

62 3899 165 3960 iocum
191 3901 242 3960 vel
263 3901 379 3961 stivam
403 3901 453 3961 82.
477 3909 508 3960 ot
528 3900 599 3979 95,
632 3920 695 3961 non
715 3900 824 3979 tempti
844 3899 943 3979 adyta
965 3898 1083 3959 oraculi
1106 3900 1208 3960 iocum
1231 3909 1303 3961 sta-

65 4007 140 4082 tuit,
162 4007 318 4068 consentit
338 4025 408 4068 cum
430 4007 575 4068 Varrone
596 4007 634 4071 h.
657 4006 695 4066 n.
716 4006 790 4070 Vll.
811 4011 837 4078 a
861 4004 918 4066 36:
943 4005 1072 4085 „Fauni
1095 4005 1146 4069 dei
1167 4007 1303 4070 Latino-
1382 4060 1385 4065 ,

63 4132 150 4195 rum,
182 4115 226 4176 ita
255 4125 289 4177 ut
318 4114 449 4178 Faunus
480 4125 512 4176 et
538 4114 649 4177 Fauna
677 4116 729 4175 sit
771 4115 843 4176 Hos
874 4114 1041 4195 versibus,
1080 4108 1160 4195 quos
1187 4122 1305 4178 vocant

64 4221 245 4300 Saturnios,
267 4222 305 4283 in
324 4220 601 4283 siivestribus
623 4221 727 4286 locis
745 4220 893 4286 traditum
915 4230 964 4284 est
986 4221 1098 4285 soiitos
1116 4220 1306 4300 iuriiutura,

61 4343 167 4408 aquo
190 4326 285 4389 fando
310 4327 438 4389 Faunos
459 4325 594 4393 dictos.“

113 4953 194 4995 nonen
207 4952 339 5004 amaritate·
351 4951 492 5006 Vergilianu-
