3022 5234
608 266 664 328 De
686 268 907 333 funeribus.
1306 269 1369 334 267

130 450 241 511 saltem
263 447 363 517 inlici,
388 446 441 510 ubi
472 446 611 509 cadaver
631 446 796 530 viderent,
818 452 993 512 exHorat.
1014 469 1109 518 cerm.
1129 454 1163 533 1,
1184 449 1243 532 26,
1264 451 1316 515 23
1339 457 1373 512 et

129 550 179 621 36.
200 557 331 634 scimus,
354 559 476 637 quicum
499 554 645 617 conferas
668 557 749 619 Aen.
771 559 837 635 Vl,
857 558 938 624 365:

605 665 676 727 Aur
695 672 730 729 tu
751 669 832 728 milti
851 675 968 730 terram

213 777 313 851 Inice,
336 792 472 854 nomque
491 781 590 853 poteo.

129 886 191 950 llis
212 886 356 947 funerum
379 883 483 947 modis
507 888 674 966 opponitur
694 885 825 951 iustus
845 902 955 946 manes
978 881 1133 946 condendi
1156 885 1245 966 ritus,
1267 891 1369 973 qualis

130 992 306 1053 nominetur
326 1011 346 1054 a
367 992 446 1053 Plio.
469 992 659 1071 epist.·Vll‚
676 989 726 1052 27.
747 999 778 1052 et
791 989 966 1072 Cenotaph.
979 991 1085 1052 Pisen.
1102 986 1198 1066 Im:
1221 993 1372 1074 VSQVI.

129 1098 199 1159 Al).
221 1098 327 1160 ΕΑΜ.
351 1097 604 1179 [ΗΜ-(ΝΑ.
626 1098 753 1161 OSSA.
767 1097 960 1166 RELATA.
980 1078 1146 1177 A'eruss
1159 1098 1371 1166 CONDITA.

128 1205 184 1268 IV
196 1204 406 1283 sunovu.
428 1207 545 1270 lllVS.
561 1206 778 1269 MANlBVS.
793 1205 1042 1296 vuilencus.
1057 1207 1245 1271 ussuN'r.
1278 1205 1370 1287 Quae

128 1317 213 1376 iusta
234 1332 253 1377 a
275 1322 374 1376 morte
406 1312 447 1377 ad
469 1312 638 1394 exsequias
660 1331 763 1394 usqne
784 1315 882 1375 variis
904 1314 1043 1375 moribus
1066 1315 1265 1379 constabant.

210 1419 354 1482 Romano
383 1421 465 1482 enirn
493 1420 619 1483 iamiam
652 1420 802 1481 moriture
823 1425 984 1500 proximos
1006 1429 1038 1484 et
1062 1430 1220 1503 cognatos
1255 1421 1370 1484 dautes

134 1526 300 1607 amplexus
329 1532 362 1586 et
388 1525 501 1586 oscula
529 1523 619 1604 quasi
641 1526 777 1588 animam
796 1545 851 1587 ore
871 1526 1040 1606 excepisse
1060 1545 1154 1608 quum
1175 1528 1282 1590 multis
1300 1528 1373 1605 aliis

120 1633 250 1696 'indiciis
272 1634 411 1713 scimus,
440 1641 506 1695 tum
528 1653 570 1695 ex
597 1632 665 1697 Cic.
688 1635 779 1696 Verr.
802 1636 845 1713 V,
876 1635 925 1698 45.
952 1642 979 1710 §.
1010 1637 1084 1699 118:
1132 1635 1306 1715 „[Matres]
1329 1635 1369 1696 eb

128 1751 270 1803 extremo
291 1742 460 1820 complexu
481 1740 612 1801 liberum
632 1741 797 1824 exclusae,
820 1762 903 1825 quae
924 1744 1000 1805 nihil
1022 1744 1105 1806 aliud
1126 1745 1276 1821 orabant,
1309 1745 1370 1807 nisi

129 1858 164 1912 ut
184 1848 316 1911 filiorum
339 1858 515 1912 extremum
538 1850 681 1931 spiritum
703 1873 770 1914 ore
799 1854 1001 1933 excipere
1029 1852 1090 1914 sibi
1111 1853 1248 1916 liceret«
1279 1873 1373 1936 quern
1492 1866 1495 1871 ’

131 1958 235 2020 locum
267 1958 403 2020 Servius
424 1956 533 2020 laudat
553 1957 594 2021 ed
616 1960 679 2041 w,
701 1959 778 2022 683:
1062 2025 1068 2030 ,

694 2072 789 2150 Date,
810 2071 939 2133 volnera
966 2072 1104 2150 lymphae

211 2177 359 2254 Abluum,
381 2183 423 2258 et,
444 2182 608 2238 extremus
628 2179 729 2257 niquis
749 2196 846 2255 super
868 2160 989 2238 halitus
1008 2184 1105 2252 errat,

215 2284 292 2347 Ore
318 2282 456 2359 lecum.
837 2364 842 2371 Δ

131 2388 254 2454 Deinde
274 2405 343 2449 mos
365 2396 445 2470 erat,
467 2397 501 2450 nt
521 2387 615 2451 modo
638 2389 768 2450 mortuis
791 2391 902 2451 oculos
924 2390 1115 2452 clauderent.
1158 2392 1236 2460 Plio.
1261 2396 1306 2460 N.
1329 2399 1370 2463 H.

132 2499 267 2580 x1‚·55;
298 2500 534 2582 „Morientibus
550 2499 694 2580 [oculos]
712 2500 832 2582 operire
849 2474 1022 2582 rursusque
1036 2502 1068 2562 in
1083 2520 1162 2585 rogo
1179 2480 1374 2585 patefacere,

132 2607 297 2687 Quiritium
318 2613 379 2671 ritu
397 2623 523 2668 sacrum
547 2613 611 2682 est,
641 2605 686 2668 ita
716 2625 804 2668 more
826 2606 968 2689 condito,
1002 2618 1035 2668 ut
1054 2626 1160 2688 neque
1182 2609 1221 2671 ab
1243 2609 1369 2674 homine

130 2736 312 2800 supremum
332 2738 390 2782 eos
404 2718 546 2799 spectari
565 2717 616 2780 las
636 2716 693 2798 sit,
715 2726 748 2778 et
769 2716 857 2778 caelo
878 2735 940 2777 non
957 2717 1082 2779 ostendi
1099 2715 1218 2780 riofesm
1263 2718 1367 2797 Quem

131 2834 227 2907 pocta
245 2826 417 2888 luculenter
438 2827 598 2907 expressit
618 2833 718 2887 matre
738 2825 869 2906 Euryali
889 2804 1041 2908 querente
1058 2824 1114 2899 lX,
1139 2827 1217 2889 486:

555 2937 626 2997 Nec
648 2941 678 2996 te
700 2941 754 2995 luc
771 2937 889 3013 sunere
911 2940 1010 2995 muter

215 3047 375 3133 Pronnoi,
395 3048 584 3122 pressive
605 3042 757 3104 oculos.

135 3157 170 3217 ln
191 3154 263 3236 ipso
285 3164 391 3216 autem
412 3155 521 3217 mortis
544 3162 701 3215 momento
724 3160 844 3232 etpost
865 3158 997 3213 mortem
1014 3150 1213 3214 conclamare
1228 3149 1374 3214 solebant

132 3264 273 3340 mortuis,
294 3259 376 3325 unde
399 3260 561 3322 Anchises
583 3259 626 3335 ll,
645 3258 723 3322 644:

83 3420 91 3436 .
214 3371 271 3434 Sir
291 3392 308 3431 o
330 3373 378 3430 cio
397 3372 535 3445 punitum
556 3369 693 3446 adfati
715 3367 865 3427 discedite
886 3384 1009 3442 cerpus.

84 3536 90 3551 ,
134 3479 265 3561 luuryoli
285 3486 386 3539 mater
405 3474 464 3553 IX,
485 3472 561 3537 683:

422 3584 490 3644 Nec
511 3589 550 3657 te,
572 3581 632 3642 eui
652 3585 742 3642 tanto
759 3578 906 3657 periculo
927 3582 1069 3654 mireum,

217 3691 371 3773 Adscrr'
389 3697 566 3752 entremum
588 3690 819 3750 miserandam
840 3690 1055 3765 copia-matri.

135 3811 186 3874 Ad
208 3816 344 3895 priorem
365 3814 468 3877 locum
492 3811 642 3874 Servius:
679 3813 874 3891 „praemere
894 3808 969 3872 mihi
990 3826 1050 3871 vos
1071 3809 1202 3871 lonebre
1223 3807 1371 3871 solatium

133 3920 154 3984 i.
172 3940 200 3981 e.
222 3918 370 3984 adfamini
390 3940 453 4002 me,
475 3929 511 3981 nt
533 3918 593 3981 dici
614 3918 747 3980 mortuis
768 3919 867 3980 solet:
903 3918 991 3998 vale,
1010 3917 1095 3998 vale,
1117 3916 1228 3979 vale.“
1272 3918 1366 3982 Ovid.

135 4028 231 4091 'l'rist
252 4029 310 4110 ΙΙΙ,
333 4028 363 4104 3,
383 4027 447 4092 432-

216 4137 289 4198 Nec
308 4136 458 4201 mandate
478 4129 586 4198 debo'l
606 4135 680 4198 Nec
701 4151 773 4196 cum
795 4135 976 4197 clamore
995 4149 1187 4214 supremo

298 4243 459 4305 habentes
481 4242 594 4304 oculos
615 4241 729 4305 condet
757 4242 863 4303 amica
884 4236 1021 4303 manus?

134 4347 194 4410 87:
263 4367 266 4372 '

216 4455 337 4536 Accipe
356 4474 503 4536 supremo
524 4454 642 4518 dictum
663 4455 739 4518 mihi
759 4455 891 4519 forsitan
915 4476 982 4542 ore,

300 4561 404 4642 Quod,
415 4564 471 4628 tibi
490 4563 543 4648 qui
566 4565 672 4647 mittit,
695 4585 756 4628 nou
778 4565 874 4629 habet
895 4565 977 4647 ipse,
999 4564 1083 4627 vale.

136 4699 269 4762 Metam
293 4700 336 4780 X,
351 4700 410 4765 θὶς

223 4809 474 4894 Supremumque
495 4811 577 4877 vele.
699 4866 704 4873 .
