3022 5234
630 245 688 306 De
709 246 869 326 nuptiis.
1311 247 1374 314 237

130 408 330 494 Vocabulum
351 428 473 509 pacisei·
492 425 530 488 de
544 427 739 490 matrimonio
755 431 992 494 usitatissimum
1008 441 1064 497 est.
1109 436 1156 494 lta
1168 435 1240 516 Dig.
1255 436 1376 500 XXlll.

132 538 427 617 tintinnabant
457 535 660 616 depactis
692 535 916 620 dotalibus,
946 542 1110 603 notissima
1129 553 1224 624 ¹sunt,
1258 552 1378 623 panta

129 656 345 730 eonventa,
368 665 449 727 quae
472 653 545 706 anta
567 645 623 706 vel
643 652 717 724 post
738 645 865 724 nuptias
886 663 1088 730 peraguntur.
1133 647 1268 713 Ovidius
1293 670 1376 733 quo-

130 772 194 836 qne
216 753 344 817 lleroid.
368 756 451 826 XX,
475 754 511 819 72

214 863 406 944 Coniugium
428 873 657 944 pactamque
679 863 787 946 fidem,
811 884 873 927 non
898 866 1029 926 erimina
1051 881 1169 943 poseo:

206 1024 209 1028 .
292 972 428 1034 Debitus
449 979 484 1033 nt
507 973 638 1046 coniux,
661 993 722 1034 non
745 982 779 1033 ut
799 972 922 1034 adulter
942 991 1024 1038 amo.

128 1079 361 1161 Plrn.xv‚40:
376 1080 507 1142 nhiviae
516 1079 682 1158 Drusillae,
693 1099 775 1162 quae
783 1083 1057 1163 posteaAngusta
1068 1078 1253 1142 matrimonii
1261 1096 1375 1138 nomen

132 1189 271 1268 accepit,
284 1205 357 1249 eum
368 1196 458 1267 pacta
468 1196 554 1249 esset
565 1187 787 1249 illaCaesarint
802 1187 870 1250 Sed
885 1190 939 1249 vix
951 1188 1046 1249 [idern
1056 1189 1218 1250 habuerim
1225 1186 1257 1246 N
1259 1185 1331 1245 onio
1339 1183 1379 1244 rle

130 1293 231 1356 differ.
257 1295 344 1357 verb.
365 1314 394 1376 p.
415 1295 484 1358 439.
506 1295 588 1356 haec
610 1294 797 1375 proferenti:
831 1296 935 1355 nlnter
963 1304 1124 1377 speratam
1147 1305 1179 1357 et
1200 1295 1316 1363 iliatam
1339 1302 1371 1354 et

130 1411 257 1482 pectam
280 1410 312 1464 et
330 1420 480 1481 sponsam
503 1401 564 1464 hoe
587 1404 736 1481 interest,
770 1400 853 1482 quod
880 1402 991 1484 virgo,
1028 1403 1211 1483 priusquam
1233 1409 1371 1481 petatur,

129 1520 260 1593 sperata
280 1509 393 1572 dicitur
415 1544 453 1554 -
475 1543 515 1553 -
538 1509 650 1570 dehinc
678 1509 855 1588 promissa,
888 1508 974 1569 diota
992 1510 1045 1570 vel
1065 1517 1159 1589 panta
1178 1508 1232 1570 vel
1253 1526 1374 1589 sponsa

129 1620 193 1684 dioi
214 1627 330 1700 potest.
375 1619 465 1701 Virg.
481 1618 561 1678 Aen.
584 1617 635 1677 lib.
659 1617 688 1676 11
713 1615 820 1690 (678):
863 1617 925 1678 Cui
942 1623 1033 1694 paler
1054 1624 1089 1676 et
1105 1621 1248 1680 tantone
1269 1637 1374 1698 quon-

130 1729 203 1788 dam
224 1734 279 1788 tuo
300 1728 384 1786 dioto
405 1721 608 1804 relinquor&
639 1725 711 1784 Hoc
732 1726 814 1785 enim
835 1725 905 1786 loeo
927 1729 1084 1805 quondam
1108 1735 1140 1786 et
1162 1728 1246 1787 dicto
1266 1736 1374 1788 mutuo

129 1832 211 1894 inter
232 1849 269 1892 se
291 1849 373 1891 nexu
396 1831 576 1913 iunguntur,
598 1830 617 1890 i.
634 1848 662 1891 e.
687 1830 839 1911 coniunx,
860 1848 943 1910 qnae
965 1831 1036 1891 olirn
1060 1840 1114 1892 tua
1131 1848 1200 1891 sum
1217 1831 1375 1911 appellata

78 1924 80 1932 '
128 1950 243 2020 postea
265 1940 382 2009 famula
404 1940 547 2021 captiva,
577 1957 680 2020 noque
711 1940 817 2000 inesse
840 1939 968 2000 videtur
990 1939 1135 2021 quiddam
1158 1958 1177 1999 o
1198 1939 1265 2001 iure
1285 1941 1372 2020 peti-

129 2057 206 2110 tum.
250 2047 316 2111 Sed
341 2056 449 2116 rnot'et
473 2068 539 2129 me,
562 2056 597 2108 ut
619 2048 722 2109 Nonio
745 2047 923 2128 adsentiar,
947 2047 1011 2110 Cir.
1033 2048 1110 2112 413:

214 2157 277 2217 Illa
298 2177 354 2234 epo
375 2178 462 2240 som,
485 2157 620 2238 Minos,
642 2164 770 2217 sacrato
788 2158 918 2235 foedere
939 2163 1082 2218 cantune

214 2266 333 2326 Dicto
354 2266 417 2325 titt.
479 2301 481 2304 ·

132 2371 225 2450 Quae
244 2374 278 2433 'vi
300 2374 487 2452 rapiebatur,
511 2374 590 2444 Vll,
612 2372 683 2434 362.
706 2377 842 2436 abducto
862 2378 951 2451 sirpo
973 2375 1161 2434 nominatur.

146 2521 150 2529 .
216 2483 299 2543 Ante
320 2482 445 2562 nuptias
461 2481 622 2544 sacrificia
643 2483 795 2564 quaedam
820 2481 1042 2555 offerebantur,
1066 2481 1225 2577 aDidone
1238 2480 1298 2564 tv,
1317 2480 1373 2542 58:

212 2590 383 2672 Leqiseroe
403 2592 514 2653 Cereri
533 2593 721 2670 Phoeboque
738 2596 886 2670 petrique
906 2591 1028 2668 Lyaeo,

215 2701 335 2761 Iunoni
353 2703 426 2756 ente
447 2699 557 2768 omnt'e,
583 2699 634 2754 eoi
653 2696 760 2755 vinela
781 2695 902 2771 topatio
924 2715 1026 2754 curae.

132 2807 208 2868 'l'ria
238 2805 319 2868 enirn
351 2806 479 2864 numina
508 2801 611 2882 priora
637 2800 677 2862 ad
706 2802 832 2882 nuptias
861 2801 1038 2863 nullatenus
1061 2800 1229 2880 pertinent.
1271 2803 1372 2865 'l'este

131 2915 246 2978 Paullo
273 2933 313 2976 ex
338 2913 624 2996 Festonnptnrae
652 2910 794 2973 Camelis
822 2912 996 2994 virginibus
1018 2910 1197 2974 sacrificare
1218 2911 1372 2973 solebant.

130 3024 253 3086 Suntne
274 3020 335 3082 hae
358 3019 495 3080 fortasse
515 3006 692 3101 yopq'btot‘b
735 3018 786 3080 Ad
812 3021 900 3100 ipsas
926 3028 1034 3081 autem
1057 3023 1184 3099 nuptias
1206 3018 1373 3080 celebran-

131 3129 191 3191 das
213 3145 293 3207 opus
316 3135 385 3187 erat
403 3127 588 3206 praesertim
608 3126 807 3205 mulieribus,
837 3144 919 3205 quae
940 3126 1102 3206 pronubae
1123 3125 1369 3205 appellabantur.

130 3235 263 3297 Paullus
285 3252 326 3293 ex
346 3233 462 3294 Pesto:
486 3234 673 3295 nPronnbae
695 3233 881 3294 adhibentur
902 3233 1036 3312 nuptiis,
1067 3251 1148 3312 quae
1168 3230 1269 3292 semel
1290 3253 1372 3314 nup-

130 3349 242 3403 serunt
263 3358 362 3402 eausa
383 3341 523 3421 auspicii,
546 3341 762 3422 utsingulare
783 3347 970 3418 perseveret
994 3334 1259 3400 matrimonium.“
1301 3339 1370 3400 se-

79 3471 85 3484 '
130 3460 218 3513 stust
240 3440 434 3531 ,JPronubae
455 3447 644 3508 adhibentur
665 3447 792 3526 nuptiis,
818 3463 899 3525 quae
920 3443 1018 3504 semel
1041 3453 1224 3526 nupserunt,
1248 3453 1283 3504 ut
1300 3461 1373 3504 ma·

131 3561 265 3627 trimonii
299 3561 542 3642 perpetuitatem
571 3557 634 3637 [sie
671 3558 751 3618 enirn
780 3553 946 3634 legendum
968 3549 1111 3630 videtur]
1134 3547 1375 3632 auspioantes.“

130 3672 209 3735 mdo
229 3673 259 3734 iu
281 3671 351 3752 illo,
384 3670 468 3752 quod
490 3668 572 3730 Dido
601 3669 693 3744 (172)
717 3667 894 3748 coniugium
917 3670 1023 3746 voeat,
1046 3660 1165 3722 furtivo
1187 3679 1296 3722 amore
1315 3662 1374 3738 tv,

132 3782 208 3845 ¹66³
461 3863 572 3923 Primo
592 3863 625 3918 et
646 3856 752 3918 Pelleta
775 3862 807 3916 et
822 3853 1006 3933 pronubo
1026 3855 1109 3914 Iuno

215 3946 305 4008 Dant
323 3951 459 4023 alpisum.

132 4056 173 4118 de
193 4053 329 4117 Lavinia
350 4054 476 4134 virgine
501 4050 577 4132 vll,
598 4047 677 4112 319:

215 4164 262 4224 Εἰ
282 4162 419 4225 Bellona
440 4167 547 4222 manet
566 4166 596 4219 te
613 4161 804 4242 prestabo.

132 4272 197 4336 cir.
219 4269 294 4334 437:
645 4272 648 4277 ’
764 4268 767 4274 ’

216 4379 391 4441 Non-mibi
416 4380 479 4437 iarn
498 4378 613 4456 pingui
632 4375 793 4436 audebunt
812 4379 952 4452 temporo
971 4393 1092 4453 murro,

216 4487 403 4552 Pronuba
427 4503 484 4544 neo
506 4490 612 4554 enetos
634 4483 787 4543 accendet
803 4485 902 4560 pinos
927 4483 1073 4544 bonores.

130 4618 194 4683 qno
216 4597 320 4678 priore
340 4611 439 4654 versu
460 4592 538 4675 ungi
560 4591 654 4652 etiem
675 4606 826 4671 sponsam
847 4589 1049 4671 significatur.

214 4690 318 4778 Virgo
349 4714 444 4777 quum
469 4693 700 4773 deduceretur,
733 4699 816 4754 testo
836 4690 948 4753 Paullo
970 4709 1012 4751 ex
1033 4689 1151 4751 nesto:
1172 4686 1317 4768 ,Pacem
1338 4684 1370 4746 in

123 4795 247 4890 'nuptiis
276 4807 309 4872 in
339 4805 491 4869 honorem
514 4802 643 4868 Cereris
664 4800 904 4887 praeferebant,
934 4816 1016 4882 aqua
1036 4795 1267 4878 aspergebatur
1287 4808 1373 4855 nova
