3022 5234
191 252 233 312 at
568 259 628 319 De
649 255 789 317 verbis
811 255 1074 319 militaribus·

190 434 275 496 Livii
295 437 376 499 loeis
399 460 492 502 uuum
518 439 677 520 proteram
706 437 737 497 X
743 481 755 521 7
787 435 845 499 35:
880 438 1024 501 „Consul
1053 456 1142 500 arura
1176 457 1294 520 capere
1320 437 1437 503 mittun

191 542 276 605 iubet
298 553 330 605 et
352 545 442 626 sequi
462 563 500 605 se
522 553 615 607 extra
636 539 782 605 vinomo
827 545 958 606 Aeneas
981 548 1097 606 clamat
1118 547 1157 616 ll,
1180 545 1258 608 668:

274 656 411 738 Arma,
433 661 502 728 oiri,
522 661 635 737 ferte
657 674 785 730 arma5
806 660 900 714 vocat
919 655 980 715 tac
1001 656 1114 716 ultima
1134 658 1239 714 otctoo.

193 766 250 841 111,
269 764 351 826 234:

476 868 580 931 Sociis
602 875 687 948 tunc,
709 890 823 930 arma
846 877 1079 947 capessant

272 980 382 1055 Edico,
406 984 437 1038 et
456 979 526 1037 altra
547 976 662 1037 deltam
684 998 756 1038 cum
775 984 870 1056 pente
887 981 1072 1057 perandum.

192 1084 351 1167 nioorv,
372 1084 451 1145 noo:
916 1070 920 1077 '

272 1195 369 1256 Ferte
389 1201 445 1256 citi
461 1200 620 1276 stammas,
643 1197 717 1255 date
739 1195 813 1276 tela,
836 1191 986 1273 impellite
1007 1216 1121 1256 remor.

141 1378 143 1383 Ι
191 1300 312 1364 Caicus
335 1304 396 1381 ΙΧ,
416 1302 472 1365 37τ

271 1409 393 1470 Ferte
414 1414 491 1470 citi
506 1414 688 1494 ferrum,
711 1414 801 1472 date
822 1409 923 1485 telo,
946 1414 1108 1472 accendite
1128 1433 1247 1485 maroc,

272 1516 385 1576 Hostia
405 1519 505 1599 adeat,
529 1517 625 1578 leia!

191 1622 263 1705 xil,
289 1623 365 1684 425:

148 1751 152 1760 ⁴
269 1731 391 1792 Arma
413 1733 490 1790 citi
505 1738 726 1807 properate
747 1731 856 1792 viro!
874 1734 952 1810 quid
970 1733 1093 1792 statio?
1124 1734 1215 1809 Inpia

270 1836 468 1919 Conclamat,
487 1843 673 1917 primaeque
696 1847 819 1899 ammos
841 1842 990 1900 accendit
1012 1844 1046 1899 in
1068 1841 1199 1900 lactem.

188 1943 242 2006 ubi
263 1946 395 2006 verbum
408 1947 587 2006 conclamat
607 1948 714 2009 neseio
735 1965 774 2007 au
791 1956 825 2008 ut
838 1947 921 2028 apud
938 1948 1082 2012 hivinmz
1112 1946 1372 2009 »conclamatum
1395 1946 1434 2009 ad

188 2046 228 2109 ad
252 2066 368 2112 armac
392 2049 510 2111 dietum
532 2052 583 2111 sit.

147 2195 151 2205 ·
271 2155 331 2214 His
360 2154 504 2217 addimus
527 2159 626 2218 verba
647 2157 803 2239 quaedam
826 2157 864 2219 ad
888 2157 1046 2238 pugnandi
1078 2160 1204 2238 regulas
1231 2149 1430 2237 pertinentia.

189 2259 252 2340 Qui
274 2263 409 2343 aliquem
431 2263 560 2344 gladio,
584 2265 676 2327 hasta
707 2266 911 2348 aggreditur,
947 2275 1090 2346 petere
1123 2286 1194 2328 eum
1222 2265 1345 2329 dicitnr.
1386 2268 1434 2328 lta

188 2368 293 2431 Nisus
314 2372 370 2446 tx,
389 2371 466 2434 439:
515 2372 712 2434 Volucentrm
731 2378 819 2451 petit.
870 2372 977 2434 't‘uero
999 2371 1039 2448 X,
1062 2371 1140 2434 31³:
1186 2376 1317 2434 ferream
1349 2379 1434 2451 petit.

189 2480 290 2541 'i'oto
325 2499 492 2560 corpore
526 2485 680 2543 certari
710 2482 825 2543 dicitur
851 2479 891 2542 de
913 2481 996 2542 omni
1018 2481 1128 2543 virium
1151 2483 1353 2544 contentione
1376 2482 1434 2564 XI,

189 2586 268 2650 3¹3:

544 2673 616 2732 Toto
639 2677 826 2732 certatnmst
847 2691 977 2749 corpore
998 2674 1098 2747 renni.

190 2780 242 2840 cui
263 2797 430 2856 compares
451 2780 526 2861 ΧΠ,
549 2778 628 2839 920:

748 2886 797 2945 Et
817 2904 948 2963 corpore
969 2890 1031 2955 toto

271 2971 411 3030 Emiaor
432 2972 598 3048 intorquet.

187 3076 266 3151 xit,
290 3077 367 3146 728:

748 3162 797 3221 nt
819 3179 949 3237 corpore
972 3165 1035 3219 toto

269 3276 344 3337 Alte
364 3276 524 3336 nullatum
546 3276 714 3350 concerpit
738 3273 866 3332 Tarans
888 3273 1061 3329 iurarem.

186 3388 238 3450 cf.
260 3389 320 3468 tv,
349 3384 420 3448 253.
453 3386 522 3467 IX,
554 3388 626 3447 titt.
649 3386 693 3468 Χ,
726 3384 793 3448 127.
837 3384 887 3444 De
908 3379 1113 3460 perfodiendo
1136 3378 1250 3443 deinde
1271 3380 1436 3442 haurire

187 3495 310 3558 dicitur.
335 3578 337 3585 ἲ
357 3495 487 3555 Aeneas
510 3493 647 3555 'l'heroni
670 3494 713 3569 Χ,
734 3491 814 3556 314:

745 3600 850 3660 Latara
871 3599 1013 3657 haurit
1032 3602 1186 3672 apertum.

184 3707 286 3770 Porro
321 3709 466 3769 Donatus
488 3708 529 3769 ad
556 3709 685 3768 Terent.
709 3705 808 3767 Andr.
840 3707 864 3780 1,
891 3706 916 3774 1,
941 3704 998 3764 56:
1043 3703 1189 3762 ’allabet
1210 3701 1307 3780 enim,
1327 3700 1437 3780 iuquit,

184 3817 237 3896 qui
259 3835 432 3897 percussus
453 3829 519 3895 est3
551 3824 582 3878 et
604 3817 729 3897 proprie
751 3813 790 3874 de
812 3810 1052 3896 gladiatoribus*
1069 3807 1195 3893 dieitur,
1233 3812 1307 3891 quin
1338 3812 1428 3892 prius

183 3924 234 3985 alii
256 3923 376 4004 vident,
402 3942 497 4004 quarn
518 3925 581 4003 ipsi
597 3926 746 4000 sentiant,
768 3939 805 3981 ee
818 3936 1022 3999 percussae«
1066 3915 1162 3997 Apud
1180 3925 1323 3978 nostruin
1336 3917 1433 3979 Mee-

181 4048 280 4112 sapus
303 4051 415 4114 regern
430 4033 607 4113 dolentem,
631 4049 723 4111 quern
747 4031 810 4090 telo
832 4027 945 4088 trabali
967 4026 1059 4103 feriit,
1083 4024 1252 4104 compellat
1263 4023 1432 4108 xiima&

265 4141 346 4201 Hoc
368 4141 514 4219 talem
537 4142 616 4199 llaec
639 4141 750 4200 melior
771 4142 897 4215 maante
917 4140 992 4198 data
1013 4140 1141 4196 victima
1162 4137 1244 4194 diois

180 4242 388 4309 Gladiatores
417 4247 554 4328 denique
576 4258 675 4310 artem
698 4264 788 4310 suam
812 4245 972 4325 deponere
995 4261 1038 4306 ex
1058 4244 1192 4305 Horatio
1214 4242 1438 4316 notissimum}

180 4353 263 4436 quod
284 4369 382 4435 poeta
404 4357 507 4437 tangit
530 4354 570 4417 de
598 4355 723 4415 Entello
747 4354 792 4431 V,
813 4352 891 4416 4832

261 4466 359 4526 Hanc
382 4465 447 4544 titt,
472 4465 581 4544 Erpa,
603 4465 762 4524 moliorem
784 4469 922 4524 animam
940 4484 999 4542 pro
1022 4469 1121 4523 morto
1143 4463 1277 4524 Daretis

258 4572 412 4634 Pcroolco
430 4590 438 4649 ;
458 4572 511 4631 laic
532 4574 631 4631 ot'ctor
653 4576 781 4630 coeatur
796 4579 966 4650 ¹artemque
987 4588 1113 4648 repono.

179 4676 236 4738 obt
256 4678 413 4744 Serviunt
453 4682 526 4762 „nt
554 4698 643 4742 arma
671 4697 711 4742 se
740 4677 815 4743 dicit
837 4679 998 4762 deponere
1018 4691 1051 4743 et
1073 4680 1133 4743 arti
1155 4676 1338 4753 renuntiare
1358 4679 1383 4740 i,
1404 4695 1432 4740 e.

181 4784 340 4866 oatalysin
360 4785 468 4848 lenita
585 4772 591 4785 ‘
