3022 5234
200 250 264 315 228
567 250 621 311 De
649 249 841 329 gentibus
870 249 1066 313 Romanis.

281 433 437 492 Menum.
480 433 565 492 Inter
584 432 713 492 navium
735 443 878 492 rectores
900 439 951 492 est
972 432 1014 507 V,
1040 429 1113 491 117:

281 539 365 600 Moe·
386 539 491 600 [tutus
512 538 715 612 Mnestheus,
737 559 840 614 penus
861 559 881 599 a
903 559 963 618 aare
984 544 1110 599 nomine
1130 538 1272 600 Memmi.

200 643 294 724 Quod
316 647 345 706 io
369 645 481 708 Sicilia
503 645 572 725 ipsa
595 645 801 725 Mnestheus,
824 654 934 705 auctor
953 649 1061 728 gentis
1076 645 1259 727 Memmiae,
1282 653 1441 708 certamen

197 754 312 815 navale
346 752 420 830 init,
464 771 525 812 uon
560 752 630 811 siue
669 751 791 812 ratione
823 750 932 829 fictum
965 771 1041 812 esse
1077 752 1221 832 videtur,
1260 772 1357 835 quum
1405 752 1442 815 C.

198 859 368 919 Memmius
391 854 503 919 Gallus
525 876 606 918 anno
637 859 678 920 V.
704 858 742 921 C.
766 860 932 921 CLXXX.
967 861 1107 921 Siciliam
1137 861 1335 941 provinciam
1356 860 1441 922 obti-

197 970 307 1032 nuerit.
353 948 632 1046 ethiv.·xi.11',
666 967 716 1029 10.
759 968 881 1030 Eodem
905 988 987 1030 anno
1017 967 1057 1032 C.
1078 969 1198 1031 Licinio
1222 969 1360 1049 praetori
1382 988 1443 1032 nc·

195 1080 318 1159 gotium
340 1075 445 1136 datum
468 1083 527 1149 est,
553 1085 586 1137 ut
607 1093 709 1137 naves
733 1077 956 1159 quinquaginta
980 1084 1113 1155 pararet.
1138 1077 1195 1138 „Si
1209 1075 1283 1155 quid
1305 1074 1346 1138 ad
1371 1094 1441 1136 eum

196 1203 360 1246 nnmerum
377 1181 567 1264 explendum
591 1183 731 1260 deesset,
757 1183 793 1245 C.
803 1184 954 1245 Memmio
977 1185 1122 1266 collegae
1143 1187 1175 1244 io
1192 1181 1333 1246 Siciliam
1358 1184 1443 1243 seri-

196 1291 302 1372 beret,
330 1299 365 1352 nt
388 1308 458 1365 eas,
487 1292 621 1370 quaein
645 1291 757 1352 Sicilia
782 1309 884 1351 naves
908 1297 1028 1366 essent,
1050 1291 1196 1353 reticeret
1217 1300 1315 1371 atque
1338 1309 1441 1372 expe-

198 1398 308 1461 dtr-eta
328 1396 525 1472 Liuxhll,
554 1397 604 1461 27.
654 1397 781 1456 Numus
811 1396 903 1457 huius
932 1396 1039 1479 gentis
1066 1392 1224 1470 (Marcili.
1246 1398 1379 1461 Memm.
1396 1397 1441 1471 3.)

129 1521 133 1526 ·
199 1515 323 1587 exstat,
353 1507 443 1566 cuius
465 1505 504 1564 A.
527 1513 623 1584 caput
646 1513 828 1565 coronatum
854 1513 1021 1584 monstrat,
1044 1505 1083 1568 ll.
1105 1507 1198 1567 navis
1219 1526 1347 1587 proram
1369 1525 1440 1570 cum

198 1616 344 1677 Victoria
365 1631 512 1673 coronam
534 1613 725 1692 porrigente.
769 1612 873 1692 Supra
903 1613 1054 1692 scriptum
1085 1624 1136 1675 est
1160 1616 1195 1677 S.
1217 1615 1256 1676 11.
1277 1614 1441 1677 Mummi.

200 1720 443 1784 intrationis.

282 1829 419 1892 Sortem.
461 1827 616 1914 Deligitur
635 1827 675 1890 ad
698 1837 856 1890 certamen
880 1830 993 1889 navale
1015 1828 1058 1909 V,
1092 1830 1165 1890 121:

266 1939 526 2017 ,Sergestnequm
548 1939 659 1998 domus
680 1944 766 1997 tenet
785 1958 805 1997 a
826 1958 887 2017 quo
908 1937 1169 2015 Sergiumomeu.

200 2045 478 2135 Cuiusuintelicem
501 2061 623 2122 casum,
647 2061 741 2122 quum
764 2045 794 2103 in
824 2061 904 2104 saxo
933 2046 1026 2104 navis
1049 2047 1193 2106 haereret
1213 2045 1302 2127 200,
1322 2047 1441 2109 ratione

201 2155 356 2216 Catilinae
376 2153 484 2216 habita
505 2155 615 2214 lictum
637 2172 723 2230 esse,
745 2171 847 2231 paene
869 2150 1116 2233 adfirmaverim,
1140 2171 1235 2234 quum
1259 2154 1352 2240 Vlll,
1373 2157 1440 2220 668.

202 2265 336 2326 eundem
360 2269 479 2325 rainaci
494 2267 679 2341 pendentem
702 2265 831 2340 scopulo
854 2263 1000 2343 appellet.

285 2370 469 2434 Chaunum.
512 2370 674 2431 Invehitur
701 2370 742 2444 V,
768 2369 843 2436 122:

723 2478 896 2557 Scyllaque
918 2478 1094 2541 Cloanthus

288 2586 451 2658 Caerulea,
472 2604 576 2661 penna
597 2587 680 2646 unde
702 2588 767 2661 tihi,
788 2588 930 2647 Romane
952 2585 1088 2649 Cluenti.

284 2693 451 2758 Gnaeum.
502 2692 606 2770 Quum
641 2703 706 2753 tres
743 2693 939 2753 nominentur
975 2691 1155 2753 certaminis
1190 2692 1289 2755 Siculi
1322 2696 1443 2759 navalis

204 2811 369 2882 auctores,
399 2802 540 2884 gentium
562 2820 686 2883 quoque
709 2811 856 2862 auctores
881 2803 1107 2884 designentur,
1130 2801 1339 2886 Mnestheus,
1362 2807 1442 2869 Ser·

204 2918 339 2990 gestus,
375 2908 567 2989 Cloanthus,
602 2930 663 2970 noo
686 2908 908 2990 dubitandum,
942 2909 1015 2989 quin
1039 2917 1188 2991 quartus,
1220 2908 1273 2991 qui
1308 2911 1441 2983 additur,

203 3014 297 3102 Gyas
324 3018 420 3077 tacite
448 3034 468 3076 a
496 3029 592 3097 poeta
622 3014 732 3076 eodem
768 3015 861 3076 modo
896 3016 1104 3096 significetur.
1158 3017 1283 3079 lltenim
1316 3020 1445 3101 impellit

204 3122 248 3204 V,
273 3121 347 3186 1181

289 3236 518 3312 lugentemque
539 3230 631 3310 Gyas
653 3234 775 3308 ingenti
801 3231 881 3291 mole
904 3232 1114 3307 Chimaeram.

204 3342 358 3403 Servius:
381 3344 443 3401 ant
464 3341 546 3402 bene
567 3341 674 3401 laudat
696 3339 830 3401 familias
853 3338 1018 3416 nobilium,
1050 3359 1122 3402 nam
1156 3340 1313 3424 aSergio
1344 3341 1446 3424 [Ser-

204 3447 341 3530 gesto‘t]
365 3450 479 3530 Sergia
501 3450 617 3510 familia
640 3449 707 3524 fuit,
729 3468 748 3509 a
773 3447 930 3509 Cloantho
956 3447 1119 3528 Cluentia,
1142 3466 1161 3508 a
1184 3446 1259 3528 Gya
1281 3444 1444 3528 Gegania,

205 3561 296 3617 cuius
327 3574 411 3617 nunc
442 3557 518 3618 lacit
549 3559 747 3618 mentionem.
799 3555 933 3617 Nobiles
962 3565 1068 3616 autem
1096 3555 1228 3615 familias
1257 3555 1446 3618 a'l'roianis

204 3661 327 3742 tuisse,
364 3665 525 3726 luvenalis
546 3665 701 3744 ostendit,
734 3676 768 3723 ut
789 3665 845 3742 (l,
867 3663 957 3736 99.):
1000 3662 1092 3721 lubet
1114 3680 1134 3723 a
1155 3679 1315 3743 praecone
1335 3661 1447 3727 vocari

204 3770 299 3850 lpsos
320 3771 551 3852 Troiugenas«
594 3775 745 3833 Nominat
779 3771 827 3832 bis
849 3789 909 3833 uno
932 3788 1030 3831 versu
1057 3771 1089 3850 l,
1112 3771 1183 3831 222.
1210 3777 1243 3831 et
1274 3770 1351 3837 cta.
1374 3777 1446 3855 for-

206 3885 329 3957 temque
350 3878 446 3957 Gyan
463 3885 641 3959 fortemque
655 3880 854 3942 Cloanthum.

291 3987 387 4046 Arre.
431 3988 513 4047 Inter
536 3987 621 4062 illus,
650 3988 700 4067 qui
723 3987 850 4048 Troiam
874 3993 1033 4047 certamen
1057 3984 1177 4066 ludunt,
1202 3985 1384 4048 nominatur
1406 3985 1444 4058 V,

206 4093 282 4156 568:

291 4202 385 4263 Alter
405 4200 502 4280 Atys,
522 4223 626 4279 penas
647 4206 732 4264 unde
752 4201 822 4263 Ata·
840 4203 963 4263 ducere
984 4201 1104 4274 Latini,

291 4312 414 4374 Parcae
436 4298 518 4387 Atys
535 4329 696 4388 pueroque
713 4328 796 4387 puer
816 4309 951 4370 dilectus
971 4307 1052 4370 Into.

213 4448 306 4526 Quod
328 4457 456 4528 gentem
469 4447 579 4508 luliam
600 4448 770 4528 Atiamque
788 4445 1008 4526 antiquissime
1031 4450 1172 4523 tempore
1192 4442 1315 4504 amicus
1336 4434 1445 4514 reddit,

210 4578 271 4618 non
294 4564 365 4620 sine
387 4577 487 4621 causa
507 4558 629 4618 fecisse
652 4557 880 4617 existimandus
902 4563 952 4616 est
965 4561 1069 4634 poeta.
1112 4554 1201 4614 Bene
1216 4552 1279 4613 iam
1295 4546 1444 4612 Servius:

212 4666 364 4745 »Propter
386 4668 491 4729 Atiam
512 4663 598 4743 dicit,
620 4672 752 4723 matrem
775 4665 917 4742 Augusti
939 4695 979 4707 -
993 4660 1133 4722 -Vult
1156 4659 1238 4720 euim
1260 4660 1330 4720 eius
1355 4655 1447 4718 enan

212 4781 386 4834 maternum
407 4791 481 4834 esse
502 4790 607 4856 genus
633 4770 914 4849 antiquissimumm
