3022 5234
206 238 266 307 116
706 242 759 302 lie
781 239 957 302 foedere.

202 428 285 489 Belli
306 434 413 507 portas
436 426 512 507 Vn,
533 425 611 487 609:

285 534 450 597 Centum
470 538 557 593 aerei
577 533 732 591 claudunt
750 537 861 591 vectes.

200 640 336 706 Pulcher
358 640 540 703 Aventinus
564 639 656 718 clipei
679 640 802 717 insigne
824 639 899 719 vll,
920 639 999 701 658:

270 742 452 812 'Centum
473 751 590 824 uupuis
614 752 814 825 cinctamque
832 754 918 823 perit
937 749 1135 825 serpentibus
1160 747 1315 826 Hydram.

200 846 261 935 cui,
281 869 315 919 ut
335 857 396 918 iam
417 856 471 916 alii
492 854 797 934 animadverterunt,
821 856 879 930 Vl,
902 855 971 916 576.
992 855 1295 937 quinquaginta
1318 859 1439 914 tantum

198 968 305 1030 hiatus
327 966 392 1043 dat,
416 985 517 1043 equo
540 965 688 1044 exemplo
711 972 825 1044 poetae
853 964 883 1023 in
913 963 974 1025 lroc
1006 983 1136 1024 nurnero
1165 958 1350 1042 usurpando
1374 975 1442 1018 mos

197 1077 314 1155 optime
336 1073 534 1155 perspicitur.
577 1072 683 1132 Ceteri
717 1072 775 1133 loci
804 1081 836 1131 ut
865 1072 907 1149 ΙΙ,
944 1071 1025 1132 501:
1069 1079 1195 1131 centum
1219 1090 1323 1131 nurus
1360 1068 1441 1150 apud

196 1183 374 1257 Hecubam,
394 1183 449 1264 ΙΙΙ,
477 1182 544 1242 106.
567 1189 692 1245 ceritum
714 1183 808 1240 turbes
833 1178 964 1258 Cretae,
981 1181 1021 1251 X,
1038 1179 1109 1249 565.
1142 1187 1267 1251 centum
1289 1181 1440 1240 drrrccla’o

196 1293 380 1372 Aegaeonis
402 1289 582 1349 historicam
606 1290 656 1348 vol
679 1288 926 1370 mythologicam
952 1290 1117 1355 veritatem
1141 1288 1278 1369 haberd3
1302 1287 1438 1363 denique

196 1399 253 1471 lX,
278 1397 344 1456 lca.
367 1395 490 1457 centeni
513 1395 639 1471 milites,
663 1405 695 1455 et
720 1394 791 1469 Vll,
816 1395 886 1456 170.
909 1403 1033 1454 centum
1057 1395 1235 1475 columnae,
1250 1401 1284 1452 nt
1309 1392 1440 1453 iamvi-

196 1504 310 1581 dimus,
334 1523 393 1562 uon
415 1506 485 1564 siue
508 1503 627 1563 ratione
647 1519 671 1562 a
692 1510 787 1581 poeta
809 1510 976 1582 pariuntur.

473 1648 484 1689 Ι

753 1746 786 1834 §-
808 1753 858 1813 a.

685 1907 741 1960 lle
760 1905 941 1962 foedere.

278 2073 439 2150 Quantum
470 2077 630 2135 Homerus
660 2073 825 2136 dissentiat
852 2088 988 2156 apoeta
1009 2068 1173 2156 Romano,
1203 2076 1439 2157 potissimume

194 2181 333 2244 foederis
364 2184 425 2243 ritu
453 2183 567 2263 liquet,
596 2184 727 2265 quippe,
763 2187 831 2265 qni,
870 2185 1016 2265 quamvis
1039 2193 1134 2246 vates
1157 2183 1307 2247 Graecus
1330 2205 1441 2249 ansam

194 2299 289 2371 atque
328 2291 427 2351 obiter
473 2299 505 2352 et
551 2291 642 2369 quasi
688 2309 743 2371 per
775 2300 975 2352 transennam
1012 2292 1191 2372 respicienti
1224 2293 1294 2354 eius
1332 2314 1443 2356 exem-

193 2400 261 2479 plar
293 2397 424 2459 dedisse
453 2397 620 2476 videatur,
649 2405 716 2458 toto
745 2400 834 2459 caelo
866 2398 904 2458 ab
935 2399 1135 2460 Achaeorum
1168 2384 1439 2485 'l'roianorumrjue

193 2526 281 2569 more
302 2505 408 2567 distet.
440 2506 548 2566 Verba
570 2505 622 2567 illa
636 2504 799 2566 sollemnia
817 2508 933 2585 foedus
952 2526 1136 2584 componere
1155 2510 1200 2588 X,
1224 2507 1285 2593 15.,
1312 2513 1443 2591 foedera

193 2620 325 2690 iuuprre
345 2613 422 2690 Vll,
442 2610 525 2691 546,
545 2617 647 2691 ferire
669 2613 721 2692 X,
747 2612 813 2672 154.
816 2657 829 2686 ,
853 2617 937 2672 coire
957 2618 991 2672 iu
1009 2617 1141 2691 foedera
1161 2616 1226 2686 ΧΙ,
1262 2616 1347 2695 362,
1369 2620 1441 2696 foc·

196 2725 284 2782 derio
306 2741 424 2798 aequus
447 2721 532 2794 iopes
553 2722 658 2778 dicere
681 2717 844 2799 ΧΙ,331.,
868 2724 1031 2797 contorpere
1052 2721 1125 2799 ΙΙΙΙ,
1149 2719 1196 2783 13.
1221 2720 1307 2796 156,
1332 2722 1445 2784 deinde

194 2837 345 2889 cucutere
365 2827 440 2906 Xll,
465 2825 544 2908 158,
569 2829 764 2907 confundere
782 2828 860 2898 Xll,
885 2830 974 2908 2911,
998 2832 1126 2890 turbare
1145 2831 1224 2906 Xll,
1246 2827 1335 2907 633,
1349 2832 1445 2892 'luere

195 2939 274 3015 ΧΙΙ,
296 2935 385 3009 695,
412 2935 534 2994 colom
553 2932 606 3012 X,
639 2933 690 2996 91.
713 2940 894 3018 maurengo
917 2944 1037 2997 tautum
1060 2946 1095 2998 ut
1118 2942 1284 2999 notissima
1307 2949 1404 3020 atque
1424 2959 1442 3000 c

194 3045 351 3123 scriptore
371 3060 559 3122 unoquoque
581 3041 695 3121 oppido
718 3041 880 3104 firmando.
923 3031 1023 3105 Ritus
1039 3047 1101 3125 ipsi
1123 3064 1182 3107 uos
1200 3058 1327 3107 vocant.
1356 3049 1441 3108 Esse

195 3160 301 3212 autem
325 3169 342 3210 e
362 3149 455 3209 Livio
478 3150 639 3224 xxxiv,
667 3150 716 3210 57.
746 3153 868 3211 scimus
892 3153 954 3215 tria-
980 3173 1100 3234 genera
1129 3154 1314 3233 foederum,
1344 3175 1440 3217 unum

197 3277 290 3338 quum
322 3258 404 3320 bello
434 3259 563 3319 victis
593 3259 771 3320 dicerentur
796 3261 906 3344 leges,
944 3262 1076 3323 alterum
1104 3281 1196 3341 quum
1234 3279 1331 3345 pares
1362 3265 1443 3327 bello

196 3386 322 3447 aequo
345 3366 511 3428 foedere
532 3367 561 3426 in
584 3386 695 3446 pacem
719 3377 815 3447 atque
837 3370 1007 3429 amicitiam
1029 3370 1194 3449 venirent,
1217 3372 1342 3431 tertium
1368 3354 1442 3434 esse

195 3493 317 3556 genus,
350 3493 461 3556 quam,
489 3473 540 3554 qui
570 3472 682 3534 hostes
703 3490 862 3553 nimquam
889 3474 1012 3551 fuerint,
1033 3474 1073 3536 ad
1095 3476 1263 3537 amicitiam
1293 3478 1443 3556 sociali

199 3584 369 3646 foedere
391 3584 469 3644 iuter
491 3582 740 3664 seiungendum
763 3593 885 3644 coeant.
931 3582 1054 3659 Quodsi
1075 3605 1115 3644 cx
1138 3583 1199 3645 lrac
1223 3583 1443 3649 distributione

199 3691 314 3753 foedus
351 3692 379 3750 io
404 3691 555 3751 Aeneidis
577 3691 648 3755 ΧΙΙ,
671 3698 884 3770 perpetratum
908 3690 1159 3770 consideramus,
1182 3691 1314 3752 secundi
1337 3712 1442 3777 gene·

199 3802 244 3860 ris
267 3816 341 3858 esse
362 3797 489 3877 patebit.
534 3799 569 3857 ln
590 3799 659 3878 ipso
682 3795 889 3874 concipiendo
911 3797 1042 3875 primum
1075 3797 1244 3861 notandum
1269 3810 1337 3885 est,
1374 3822 1444 3866 aras

200 3903 455 3987 gramineas,
482 3921 612 3983 quarum
635 3901 718 3981 apud
750 3901 921 3960 Homerum
945 3920 985 3962 ne
1009 3903 1166 3963 minimum
1192 3905 1286 3984 quide
1340 3924 1445 3974 vesu-

201 4016 288 4096 gium
310 4019 427 4090 exstat,
449 4011 533 4091 apud
556 4010 732 4092 Vergilium
754 4015 1004 4074 commemorari.
1049 4012 1098 4076 cf.
1121 4017 1202 4098 xil,
1229 4018 1302 4079 116:

286 4122 440 4198 Campum
460 4124 504 4181 ad
521 4126 681 4181 certamen
703 4132 838 4196 mopuoe
859 4123 917 4180 sub
939 4124 1101 4182 moenibus
1121 4128 1209 4184 urbis

226 4261 228 4265 ·
287 4233 433 4292 Dimcusi
453 4226 628 4304 Rutulique
647 4229 708 4284 oiri
732 4226 906 4304 Teucrique
924 4229 1097 4302 paradarum

285 4342 328 4400 Iu
348 4341 510 4416 medioque
527 4337 615 4413 focos
636 4340 669 4393 et
688 4337 738 4394 dia
760 4336 969 4394 commatribus
991 4355 1086 4416 aras
1177 4381 1182 4395 ,

288 4445 536 4508 Gramineus.

204 4561 271 4620 lam
293 4557 443 4621 Servius:
465 4553 627 4632 „Romani
647 4552 729 4613 euim
751 4551 847 4611 moris
869 4549 987 4626 fuerat,
1012 4553 1164 4632 cespitem
1189 4573 1263 4615 arae
1285 4559 1445 4637 superim-

205 4684 331 4748 ponere,
357 4662 452 4723 etita
474 4660 663 4731 sacrificare.
707 4654 896 4720 Gramineus
920 4668 1026 4719 autem
1050 4660 1133 4735 ideo,
1155 4664 1227 4740 quia
1248 4675 1280 4724 et
1302 4668 1342 4727 de
1364 4667 1444 4731 bollo

206 4791 258 4835 res
280 4774 393 4851 agitur,
418 4779 449 4829 ot
470 4771 564 4829 Marti
585 4770 789 4845 sacrificatur,
813 4768 862 4827 cui
881 4785 1012 4848 gramen
1034 4780 1081 4828 cst
1106 4780 1336 4854 consecratum,
1361 4775 1446 4857 quod
