3022 5234
157 234 234 309 ²09.-
601 241 657 303 De
688 230 984 310 divinatione(

239 420 280 479 In
301 424 422 482 somnis
440 439 516 482 ecee
535 431 611 484 onte
630 427 737 487 emtor
757 433 990 492 maestissimus
1010 431 1131 495 Hector

245 527 343 589 Visus
363 531 477 589 ederes
496 531 576 590 milri
595 531 766 613 lorqoeque
784 539 943 614 efflandere
959 540 1066 617 fietus,

237 635 396 713 lioptatue
416 637 508 716 liqie,
531 644 570 698 ut
588 641 757 721 quondum,
779 648 910 723 uterque
930 653 1059 708 cruento

235 750 383 828 Pulvere,
404 768 523 829 perque
541 754 639 828 pedes
660 757 900 845 traiectuelora
921 764 1080 822 tumentis.

153 853 219 915 Vix
250 855 292 918 ad
321 873 468 919 somnum
501 857 659 921 relaturus
687 873 737 922 est
767 871 865 944 poeta
891 866 1021 950 efligies
1054 868 1185 933 deorum
1218 872 1399 950 Penatium,

154 978 235 1041 quas
253 966 383 1031 Aeneas
404 969 464 1050 ΙΙΙ,
487 969 556 1034 148.
581 972 753 1053 conspicit:

233 1075 372 1154 Efstqiee
392 1096 508 1137 sacrae
528 1081 630 1139 choum
651 1082 850 1163 Pquqiique
869 1085 1021 1166 Penates,

236 1182 325 1258 (lum
347 1205 469 1246 mecum
490 1206 510 1246 u
536 1187 629 1247 licia
648 1190 820 1270 mediisque
839 1211 884 1253 eu·
904 1196 1033 1270 iquilue
1051 1198 1141 1256 urbis

232 1293 440 1367 Eatulerom,
461 1298 523 1356 aiei
540 1302 614 1357 ante
634 1298 745 1358 oculos
764 1301 893 1361 adstare
913 1305 1047 1361 iacentis

232 1402 275 1462 In
297 1405 425 1475 somnis,
449 1402 548 1463 multo
569 1407 732 1483 manifesti
751 1406 877 1479 lumine,
902 1426 1022 1487 quase

232 1508 336 1568 Pleno
353 1527 413 1585 per
433 1512 573 1569 insertae
589 1511 746 1589 fundebat
765 1512 844 1574 luna
859 1517 1032 1595 fenestrae.

150 1615 285 1676 Fatetur
306 1616 388 1676 enim
413 1613 488 1679 1⁷3:

230 1723 301 1783 Neo
321 1743 416 1800 sopor
436 1724 520 1784 illud
539 1731 620 1805 erut,
641 1727 701 1786 red
719 1747 825 1788 corum
846 1731 1042 1807 adgnoscere
1060 1735 1166 1798 voltus

236 1830 429 1909 Velutaeque
449 1851 555 1891 comae
573 1841 817 1915 praesentiaque
837 1858 895 1899 ora
916 1842 1052 1903 cuibbar.

147 1937 281 2000 Fatetur
304 1939 434 1999 Aeneas
456 1939 515 2018 lV,
536 1935 616 2003 351:

228 2046 285 2107 Me
303 2051 408 2123 patris
429 2044 604 2129 Anchisae,
626 2050 771 2125 quotiens
792 2053 969 2111 umentilrue
990 2055 1111 2114 umbrie

225 2154 305 2213 Nou
326 2155 428 2228 operit
447 2157 563 2231 terras,
584 2158 728 2231 quotiens
748 2161 838 2215 nstra
857 2158 952 2233 iqnea
971 2167 1119 2238 curquut,

226 2262 385 2325 Admonet
403 2267 437 2322 in
458 2267 610 2322 sommuis
630 2270 662 2324 et
680 2266 806 2325 turbida
826 2273 924 2328 terret
942 2271 1055 2346 imaqo.

143 2366 299 2432 Didonem
320 2368 380 2452 IV,
401 2369 479 2432 465:

707 2480 787 2559 Apu
807 2487 875 2560 ipse
891 2485 1053 2565 furentem

224 2588 267 2648 ln
287 2590 518 2667 samaritanus
539 2586 677 2661 Aeneae,
701 2610 886 2670 semperque
905 2592 1043 2672 relinqui
1125 2664 1132 2681 ,

223 2694 303 2758 Sola
323 2697 393 2770 sili,
414 2715 538 2774 semper
561 2697 689 2773 lonqam
709 2699 893 2759 incomitata
913 2700 1039 2761 uidetur

221 2807 277 2867 lre
297 2806 378 2864 oium
399 2811 433 2864 et
456 2804 569 2882 Tyrios
590 2809 716 2866 deserta
737 2823 889 2884 quaerere
910 2813 1005 2867 terra.

140 2910 330 2995 Quanquam
362 2914 444 2977 hanc
473 2914 650 2978 solitudinis
683 2914 769 2977 dirae
801 2916 941 2996 speciem
981 2917 1083 2999 magis
1119 2916 1159 2979 ad
1193 2915 1385 2983 dementiam

138 3020 295 3101 quandam
316 3020 498 3104 rettuleris,
533 3020 689 3102 quemad
725 3022 857 3082 somnia.
899 3021 1038 3084 Palinuri
1075 3022 1262 3089 insomnium
1299 3027 1385 3111 apud

136 3139 263 3214 poetam
285 3130 388 3211 ipsum
409 3130 631 3212 perlegendum
654 3130 698 3210 V,
721 3129 896 3192 sus-856.
928 3131 988 3193 iam
1012 3133 1187 3214 tetigimus.

217 3240 254 3302 B.
297 3239 390 3320 Quae
412 3260 432 3302 a
453 3239 512 3300 diis
534 3247 682 3320 petuntur
704 3247 737 3301 et
756 3238 972 3300 corrueduntur
993 3240 1104 3321 signe,
1125 3241 1254 3322 auguria
1277 3259 1385 3303 voca-

83 3409 86 3415 ,
135 3349 252 3430 vimus,
275 3366 408 3429 qnorum
441 3348 596 3427 permulta
627 3352 687 3409 iam
720 3348 751 3408 in
783 3352 917 3410 ostentis
944 3348 1059 3409 faustis
1081 3347 1236 3428 complexi
1258 3366 1385 3409 sumus.

134 3453 270 3518 Restant
292 3455 417 3518 nonnisi
437 3473 592 3536 responsa
614 3454 742 3518 deornm
759 3457 819 3517 uel
842 3457 1036 3536 oracula,
1070 3474 1201 3539 quorum
1223 3477 1281 3538 per
1305 3458 1378 3518 Ae·

135 3563 258 3627 neidern
283 3565 373 3627 varia
395 3562 475 3624 ratio
499 3570 615 3625 exstat.
657 3564 785 3625 'l'roiani
808 3564 933 3655 nqittnnt
955 3565 1007 3645 ΙΙ,
1031 3564 1106 3628 114:

218 3672 381 3757 Sinopensi
399 3672 600 3749 Eurypylum
621 3674 788 3731 scitantem
810 3672 942 3732 oracula
962 3671 1091 3732 Plroeli.

133 3780 287 3861 Apollinis
312 3777 395 3841 Delii
424 3764 584 3839 oracutum
613 3795 633 3838 a
663 3794 740 3857 rege
765 3776 997 3857 sacerdoteque
1029 3779 1110 3840 Anio
1134 3778 1213 3860 petit
1247 3778 1382 3840 Aeneas

130 3888 197 3971 ΙΙΙ,
219 3888 269 3948 85.
311 3886 433 3965 Quodsi
467 3884 632 3948 Servianis
660 3883 789 3945 schedis
817 3885 1009 3947 auctioribus
1037 3886 1118 3947 fides
1147 3884 1295 3947 habenda
1316 3894 1378 3962 est,

130 3997 227 4059 huius
250 4013 322 4056 cum
345 3987 429 4055 Anic
452 3993 676 4056 coniunctionis
699 3991 890 4073 antiquiores
913 3993 1008 4054 etiam
1043 3995 1214 4072 scriptores
1236 3993 1378 4053 mentio-

130 4125 201 4166 nem
229 4104 389 4181 fecerunt,
422 4118 516 4180 quum
545 4099 595 4160 alii
625 4100 697 4160 Anii
734 4099 828 4162 fitium
862 4100 901 4161 ab
932 4100 1045 4161 Aenea
1074 4107 1250 4180 stupratam
1282 4099 1378 4160 lilium

130 4210 268 4272 edidisse
290 4219 493 4288 narrassent,
517 4209 569 4269 alii
592 4208 743 4270 habuisse
765 4209 865 4270 filium
888 4209 1013 4270 nomine
1036 4209 1182 4281 Andron,
1217 4206 1258 4269 ad
1283 4226 1378 4288 quem

130 4321 289 4381 Anchises
310 4331 383 4380 unte
404 4319 553 4380 'l'roicum
582 4318 694 4380 bellurn
725 4320 905 4380 consultum
932 4320 1075 4392 venerit,
1111 4338 1150 4378 an
1179 4318 1377 4380 Salaminam

128 4433 250 4507 peteret
272 4443 379 4488 comes
406 4424 543 4486 Priamo.
586 4427 621 4486 lu
642 4425 703 4486 hoc
725 4427 793 4505 ipso
810 4443 888 4485 vero
905 4425 1033 4486 oraculo
1046 4423 1234 4508 Vergiliano
1252 4427 1377 4490 edendo

130 4536 188 4616 lli,
210 4532 268 4595 so:

466 4642 610 4702 Tremere
630 4646 734 4701 ouiuia
755 4644 823 4701 cisa
843 4647 980 4717 repente,

114 4798 119 4806 .
208 4749 398 4830 Limiuuque
419 4750 595 4830 laurusque
615 4752 677 4830 dei,
701 4756 846 4827 totusque
868 4754 985 4808 moveri
