3022 5234
569 219 625 282 De
647 219 733 282 iure
755 220 924 302 privato.

698 497 730 587 §.
753 502 803 567 re.

569 670 628 724 Ite
646 671 739 724 tur-e
757 668 932 738 privato.

213 833 305 912 Quae
333 836 384 898 lric
413 838 477 899 illic
497 845 665 898 occurrunt
687 838 794 920 legum
815 839 845 899 iu
868 840 1059 902 carminibus
1080 840 1274 921 Vergilianis
1298 858 1369 902 mo·

129 952 245 1018 menta,
269 963 307 1005 ea
328 966 389 1006 non
412 967 430 1007 e
452 948 521 1008 inre
543 947 647 1026 aliquo
665 944 790 1009 Graeco
810 945 868 1006 sed
885 947 1028 1008 Romano
1044 948 1115 1028 ipso
1133 948 1270 1010 deducta
1286 966 1372 1032 esse,

130 1050 193 1113 iam
215 1057 333 1137 antiqui
355 1057 499 1118 viderunt
524 1059 597 1118 iuris
621 1057 754 1118 consulti
777 1065 809 1118 et
830 1055 1045 1137 indagatores.
1079 1057 1257 1117 Martianus
1279 1057 1374 1134 enim,

130 1160 161 1220 iu
185 1163 308 1244 Digest.
337 1167 369 1238 1,
401 1167 432 1228 8.
454 1165 491 1225 fr.
512 1163 542 1228 7.
566 1164 606 1224 de
638 1163 790 1225 Aeneidis
814 1164 883 1224 locn
908 1165 964 1238 ΙΙΙ,
983 1161 1174 1224 atto—305.
1195 1162 1277 1225 haec
1299 1182 1374 1244 pro·

130 1267 208 1334 fert:
247 1271 499 1353 ”Cerintapbium
530 1291 657 1355 qunque
688 1272 791 1352 magis
819 1271 926 1350 placet
952 1271 1056 1332 locum
1086 1288 1160 1330 esse
1181 1268 1373 1350 religiosum,

131 1381 218 1439 sicut
239 1381 331 1441 testis
351 1381 383 1441 in
405 1400 444 1442 ea
465 1401 501 1442 re
522 1392 571 1442 est
595 1381 786 1460 Vergiliusa
810 1387 842 1439 et
865 1379 965 1438 Aulus
987 1376 1113 1440 Gellius
1134 1377 1175 1438 N.
1200 1380 1240 1438 A.
1261 1380 1320 1456 ΙΙΙ,
1340 1378 1376 1440 2:

132 1487 279 1550 alsthaec
300 1499 405 1550 autem
429 1490 532 1551 omnia
556 1488 613 1568 [de
635 1489 752 1551 dierum
775 1489 973 1570 temporibus
993 1497 1025 1549 et
1048 1487 1174 1562 linibus]
1197 1484 1237 1549 ad
1261 1489 1373 1551 obser-

130 1594 291 1654 vationem
321 1592 581 1677 disciplinamque
609 1595 682 1655 iuris
709 1595 826 1675 antiqui
858 1594 1065 1674 pertinentia,
1106 1612 1200 1675 quum
1232 1596 1263 1657 in
1282 1596 1374 1661 libris

132 1711 276 1764 veterum
305 1704 541 1782 inveniremus,
580 1690 640 1763 nnn
668 1701 864 1783 dubitamus,
899 1704 972 1783 quin
1004 1703 1330 1786 Vergiliusqnoqne
1346 1703 1375 1766 id

129 1814 233 1894 ipsum
256 1811 441 1892 ostenderit,
464 1833 524 1874 non
547 1813 692 1893 exposite
715 1821 811 1892 atque
827 1820 949 1892 aperte,
969 1811 1028 1873 'sed
1046 1820 1079 1872 ut
1096 1811 1252 1873 bominem
1272 1813 1376 1876 decuit

130 1921 273 2004 poeticas
294 1938 347 1981 res
367 1929 531 2002 agentem,
555 1919 716 1981 recondita
737 1928 770 1981 et
791 1921 881 2000 quasi
906 1928 1016 1999 operta
1037 1919 1156 1980 veteris
1178 1918 1257 1980 ritus
1274 1919 1376 2004 signi-

130 2028 306 2090 ficationes
350 2029 483 2109 Singula
507 2036 745 2109 perscrutemur.
851 2052 853 2057 ·

212 2141 235 2199 Ι.
280 2138 363 2198 luter
385 2137 521 2216 quinque
543 2135 611 2196 illas
634 2138 779 2217 antiquas
797 2136 881 2216 legis
897 2135 1118 2197 actionesuna
1136 2134 1272 2216 exstitit,
1296 2153 1375 2217 quae

130 2265 241 2307 manus
263 2247 389 2306 iniectio
411 2254 479 2307 erat
502 2246 669 2326 appellata.
713 2245 763 2308 Cf.
786 2242 888 2306 Gaius
911 2243 968 2304 ll'.
992 2247 1018 2315 §.
1040 2241 1091 2302 at.
1126 2240 1228 2319 Quam
1246 2254 1373 2326 apoeta

129 2354 232 2418 fuisse
253 2362 431 2434 spectatam
454 2355 563 2434 aliquis
586 2356 751 2436 perhibere
774 2356 876 2436 possit
899 2357 943 2432 X,
966 2355 1046 2416 tto:

214 2465 355 2524 Iniecere
376 2482 504 2524 manum
528 2465 653 2547 Parcae
673 2465 805 2544 telisque
827 2471 1000 2526 sacrarunt

215 2571 369 2634 Evandri.
685 2556 688 2561 ξ

132 2683 183 2744 ubi
207 2681 354 2742 Servius:
390 2682 589 2743 a'l'raxerunt
618 2681 756 2743 debitum
779 2682 852 2764 sibi,
883 2690 916 2743 et
937 2699 1086 2743 sermone
1107 2697 1187 2742 usus
1208 2687 1262 2740 est
1281 2678 1372 2756 iuris3

133 2808 204 2850 nam
236 2807 346 2850 manus
378 2789 507 2848 iniectio
536 2787 666 2870 dicitur,
699 2791 844 2869 quotiens
867 2791 950 2852 nulla
972 2791 1083 2853 iudicis
1106 2789 1296 2873 auctoritate
1318 2805 1377 2847 cx·

134 2905 281 2978 spectata
302 2916 367 2957 rem
388 2896 480 2957 nobis
502 2893 638 2957 debitam
667 2895 893 2960 vindicamus«
944 2896 1088 2958 Macrob.
1112 2897 1175 2971 ΙΙΙ,
1205 2895 1242 2960 ⁷:
1268 2896 1377 2963 nNtttb

134 3023 176 3066 ex
198 3024 310 3066 manus
339 3005 505 3065 iniectione
536 3024 638 3083 paene
667 3006 853 3087 mancipium
883 3005 1082 3088 designavit,
1124 3013 1157 3066 et
1188 3004 1376 3066 sacrationis

133 3109 290 3171 vocabulo
323 3109 557 3171 observantiam
590 3109 700 3171 divini¹
719 3112 797 3173 iuris
829 3112 1000 3192 implevitn
1062 3110 1112 3173 cf.
1145 3109 1239 3175 Ovid.
1267 3115 1392 3186 Amor„

135 3216 296 3298 bbae²

216 3325 334 3389 Oscula
356 3327 384 3386 si
404 3325 540 3401 dederis,
560 3325 633 3387 liam
656 3319 843 3388 manifestus
865 3339 998 3411 amator,

259 3434 301 3495 Et
320 3435 436 3498 dicam:
459 3435 536 3496 lllea
557 3441 641 3512 sunt,
663 3433 864 3516 iniioianrque
885 3453 1006 3497 manus.

134 3541 192 3620 ΙΙΙ,
215 3542 245 3609 9,
270 3541 324 3607 19:
778 3552 781 3557 '

217 3650 349 3712 Scilicet
370 3672 462 3716 omne
484 3672 611 3717 sacrum
632 3674 716 3718 mors
738 3636 915 3737 importuna
938 3658 1097 3741 profanat,

259 3755 408 3821 Omnibus
431 3761 583 3825 obscuras
606 3763 702 3826 iniicit
724 3763 779 3824 illa
799 3783 922 3827 manus.

134 3862 289 3927 Actiones
304 3870 394 3946 ipsas
414 3871 584 3932 occasione
599 3872 679 3931 Aen.
692 3870 759 3932 libri
778 3871 835 3933 Vl.
850 3890 946 3954 supra
959 3876 1020 3936 iam
1038 3879 1065 3947 s.
1085 3871 1131 3936 ta.
1144 3872 1184 3935 de
1200 3874 1380 3953 quaesitore

137 3982 170 4034 et
191 3971 296 4034 iudice
316 3972 517 4054 disputantes
539 3976 777 4058 explicavimus.
820 3979 900 4041 lllud
923 3999 1014 4042 unum
1046 3989 1172 4056 notato,
1202 4000 1266 4042 non
1295 3979 1378 4041 indi-

136 4081 252 4144 oinrum
275 4088 392 4141 tautum
417 4084 580 4163 rationem,
605 4086 663 4147 sed
685 4087 844 4149 criminum
869 4089 961 4149 etiam
983 4089 1098 4149 seriem
1122 4088 1180 4163 Vl,
1200 4085 1380 4159 coa-cta.

133 4186 306 4254 stt-ott.
329 4197 464 4253 merrtem
487 4194 561 4254 aevi
575 4196 734 4277 Augustei
756 4197 884 4279 spirare,
898 4214 959 4277 quo
976 4205 1184 4277 tottontaque
1203 4195 1267 4258 iam
1289 4203 1380 4258 erant

135 4295 315 4362 commissa.
357 4297 479 4360 Primus
502 4299 626 4379 quidem
651 4321 767 4364 versus
787 4303 865 4365 608:

216 4405 280 4466 Hic
302 4409 414 4487 quibus
435 4409 531 4469 incisi
547 4402 679 4488 fratrea,
702 4412 777 4471 dnm
798 4414 862 4470 vita
885 4413 1039 4472 manebat.

136 4530 156 4574 a
177 4512 291 4574 Servio
313 4512 504 4597 generaliter
525 4512 627 4577 dictus
649 4532 723 4576 esse
744 4515 935 4595 perhibetur,
965 4518 1009 4579 ita
1028 4526 1134 4580 tamen
1156 4526 1192 4580 nt
1212 4517 1319 4598 possit
1336 4514 1377 4579 ad

135 4623 317 4702 Aegyptum
339 4629 371 4684 et
392 4623 555 4705 Danaum,
588 4623 722 4686 Atreum
746 4633 779 4688 et
800 4626 980 4709 Thyesten,
1011 4628 1163 4691 Eteoclen
1186 4636 1220 4691 et
1239 4628 1378 4712 Polyni-

138 4745 208 4794 oem
229 4730 350 4797 referri
400 4733 520 4798 Verum
541 4731 624 4800 onim
644 4752 722 4797 vero
743 4733 772 4797 si
791 4736 927 4801 similem
948 4737 1032 4801 illam
1052 4753 1175 4802 morum
1197 4737 1269 4802 eins
1290 4744 1382 4801 ten-¹
