3022 5234
431 271 489 333 De
520 269 716 352 gentibus
740 269 938 332 Romanis.

147 455 296 516 Nnvnrn.
339 452 510 532 Responsa
533 452 586 513 dat
607 453 652 528 V,
675 450 757 515 7042

151 563 228 624 lum
249 568 355 623 senior
374 564 508 636 Nautes,
529 581 628 623 unum
655 563 795 622 litterata
816 562 929 622 Pallas

147 668 247 743 Quem
267 671 376 730 docuit
395 670 556 749 multaque
576 671 733 743 instpnem
756 670 892 728 reddidit
913 675 990 730 arte.

64 775 163 837 Certo
183 773 411 838 adfirmandum
435 783 501 853 est,
534 777 698 836 Maronem
721 775 850 835 Nauten
871 776 1037 845 induxisse
1058 785 1187 855 propter
1210 777 1306 839 Nau·

64 885 177 944 tiorum
198 882 356 945 familiam.
401 880 452 943 cf.
476 883 570 945 Serv.
594 879 634 942 ad
655 880 738 941 Aen.
762 883 824 957 ΙΙΙ,
844 883 922 944 406;
960 881 1155 945 »Palladium
1177 881 1304 942 Nautes

63 991 206 1070 accepit3
240 989 323 1051 unde
344 990 529 1051 Nautiorum
554 989 625 1068 [sic
646 990 833 1073 legendnm,
866 1011 927 1052 non
949 989 1153 1069 Nautarum]
1189 988 1307 1051 familia

62 1098 229 1159 Minervae
249 1115 342 1158 sacra
366 1097 546 1160 servabat«
590 1097 719 1158 Paullus
744 1118 786 1159 ex
807 1099 925 1161 Peste:
959 1098 1168 1160 „Nautiorum
1189 1097 1307 1161 familia
1356 1166 1360 1175 x

63 1224 83 1266 a
104 1204 248 1266 Troianis
266 1202 379 1265 dicitur
400 1203 558 1265 oriundam
582 1203 716 1265 Servius
737 1203 777 1267 ad
799 1214 939 1268 nostrum
960 1208 1079 1268 locum:
1117 1208 1211 1287 alpse
1232 1205 1305 1267 uo-

65 1330 147 1374 mam
179 1312 354 1374 Palladium
383 1311 502 1374 detulit.
559 1313 648 1375 Unde
670 1313 858 1376 Nautiorum
880 1314 997 1376 familia
1020 1315 1186 1376 Minervae
1210 1329 1304 1374 sacra

59 1419 233 1508 retinebat,
255 1418 453 1499 quodetiam
476 1420 580 1482 Varro
602 1419 696 1482 docet
717 1422 747 1482 iu
769 1420 855 1482 libris
878 1439 959 1501 quos
982 1419 1021 1481 de
1043 1420 1170 1484 familiis
1186 1420 1303 1482 'l'roia-

59 1533 109 1593 nis
131 1532 286 1611 scripsita

142 1637 294 1699 Parrum.
316 1638 473 1699 Piniana
518 1637 608 1715 Vlll,
630 1635 710 1697 269:

144 1745 325 1808 Scraaaerc-
341 1746 422 1804 diem
440 1749 626 1823 primosque
648 1745 785 1803 Potitius
808 1748 920 1802 auctor

142 1853 190 1914 Et
209 1855 321 1914 minue
340 1853 497 1915 Herculei
516 1861 624 1916 custos
646 1857 780 1915 Pinaria
803 1859 900 1915 ederi.

60 1961 154 2023 Livio
173 1963 207 2045 l,
236 1960 266 2022 7.
294 1969 426 2022 auctore
456 1962 563 2024 Potitii
595 1970 627 2023 et
649 1961 765 2025 Pinarii
786 1963 846 2024 iam
869 1961 1010 2026 Evandri
1032 1944 1176 2045 tempore
1198 1967 1300 2030 sacris

61 2068 210 2130 Herculis
230 2067 362 2131 adhibiti
388 2077 477 2146 sunt,
499 2070 556 2132 sed
579 2071 623 2132 ita
642 2081 676 2133 ut
699 2072 856 2134 Pinarium
878 2091 992 2154 genus,
1014 2091 1109 2152 quum
1125 2075 1166 2137 ad
1176 2083 1302 2156 tempus

58 2196 121 2238 non
142 2187 270 2257 praesto
291 2187 420 2260 essent,
451 2182 534 2241 extis
556 2181 752 2243 sollemnium
775 2201 835 2243 noa
856 2189 1071 2246 vescerentur.
1113 2181 1222 2245 'l'radit
1243 2184 1299 2256 lX,

56 2283 107 2345 29.
150 2284 285 2348 Potitios
306 2297 420 2368 postca
442 2308 556 2351 servos
578 2289 723 2371 publicos
746 2291 906 2352 ministerii
927 2287 1095 2372 delegandi
1116 2309 1213 2354 causa
1231 2294 1300 2354 sol·
1391 2276 1392 2280 Ἰ

56 2394 175 2456 lemnia
195 2395 262 2456 eius
283 2397 367 2458 sacri
387 2397 549 2476 docuisse,
573 2397 631 2459 sod
651 2399 732 2459 intra
752 2416 867 2460 annum
888 2415 999 2458 omnes
1020 2397 1157 2477 puberes
1179 2399 1220 2461 ad
1241 2397 1318 2460 tri-'

57 2501 158 2584 ginta,
184 2519 277 2583 quum
305 2503 471 2568 duodecim
496 2505 635 2568 familiae
668 2525 707 2567 ea
736 2514 928 2588 tempestate
957 2506 1144 2569 Potitiorum
1175 2518 1298 2588 essent,

56 2609 243 2675 exstinctos.
286 2610 452 2674 Remansit
474 2614 570 2697 igitur
593 2614 789 2677 Pinariorum
810 2632 902 2697 gens,
925 2633 1019 2696 quam
1036 2615 1211 2698 Vergilium
1234 2635 1297 2680 non

55 2717 126 2778 aine
147 2720 269 2780 ratione
290 2719 456 2783 custodem
478 2725 660 2803 appellasse
682 2722 782 2785 vides.

139 2824 324 2888 Cosanum.
347 2828 485 2890 Poucrn.
529 2830 632 2891 Probe
655 2829 818 2913 Vergilius
839 2847 968 2892 causam
992 2838 1135 2914 noverat,
1173 2829 1214 2892 de
1234 2848 1298 2912 qua

60 2931 219 3014 Cossum,
252 2931 440 3016 Gracchos,
470 2937 637 3016 Scipiones
659 2939 867 3018 coniungeret
890 2936 950 3017 Vl,
971 2936 1051 3001 842:
1137 2964 1140 2969 ·

56 3028 59 3035 ¹
139 3039 219 3114 Ouia
240 3048 281 3122 te,
303 3063 421 3120 mapne
441 3046 528 3119 Cato,
552 3051 693 3120 tacitum,
718 3052 777 3107 aut
794 3053 825 3107 te
846 3046 967 3109 Gom
987 3043 1170 3124 relinquat?

139 3146 220 3223 Ouia
240 3149 428 3212 Gracchi
444 3171 556 3229 penus,
583 3160 639 3215 aut
657 3158 810 3235 pominoe,
831 3156 893 3214 duo
909 3154 1049 3234 saltatim
1070 3152 1151 3224 teta,

134 3257 376 3338 Scipiadae,
401 3260 521 3319 cladem
543 3261 673 3338 Libyae.

54 3366 103 3428 lli
124 3383 235 3428 omnes
263 3368 346 3427 enim
376 3385 513 3451 magnae
541 3375 631 3428 erant
658 3366 825 3430 Corneliae
852 3369 967 3450 gentis.
1022 3367 1178 3430 Catonem
1211 3363 1298 3428 dedit

56 3474 193 3536 Porciae
212 3474 319 3556 gentis
339 3492 445 3537 causa.
489 3474 539 3537 Cf.
561 3474 652 3556 V111,
674 3474 745 3538 670.

136 3580 227 3644 Aliae
249 3580 405 3662 quaedam
426 3590 542 3662 gentes
565 3585 747 3645 coniectura
767 3589 889 3644 tantum
917 3591 991 3645 sunt
1018 3578 1242 3663 adaequandae
1262 3598 1295 3640 v.

53 3705 87 3768 g.
108 3689 297 3752 nnnonvn.
321 3687 567 3752 Caucrnrouvna
611 3690 740 3752 Aeneas
762 3691 793 3766 1,
818 3691 893 3753 181:

134 3800 342 3875 Prospectum
364 3801 427 3860 tate
447 3801 560 3876 pelope
576 3803 663 3875 petit,
689 3798 852 3859 Anthea
874 3803 905 3860 ai
925 3818 1015 3878 quem

136 3912 294 3972 lactatum
317 3918 409 3972 vento
432 3914 537 3971 videat
555 3911 779 3989 Pterypiaeque
800 3910 935 3981 biremis,

134 4017 205 4080 Aut
223 4018 347 4095 Capyn,
369 4024 427 4078 aad
446 4017 541 4078 celatia
562 4017 774 4093 sapapardus
795 4034 895 4096 arma·
907 4013 1028 4077 Osioi.

48 4150 109 4212 nisi
133 4149 237 4230 potius
260 4147 422 4213 Caeculus
443 4153 486 4228 X,
507 4150 578 4212 544.
600 4149 642 4212 ad
661 4158 790 4233 gentem
813 4149 986 4213 Caeciliam
1007 4149 1174 4213 referatur.
1221 4149 1295 4213 Va-

49 4262 134 4322 lerus
157 4259 197 4320 x
219 4259 290 4322 ⁷52.
311 4260 411 4340 potuit
432 4279 508 4323 esse
528 4268 640 4325 auctor
662 4261 765 4348 gentis
790 4260 948 4323 Valeriae.
991 4259 1060 4326 Sed
1077 4259 1161 4325 haec
1174 4259 1296 4325 lubrica

51 4381 128 4435 aunt
147 4389 187 4436 ac
207 4368 345 4434 fallacia.
