3022 5234
614 257 670 319 Dc
690 260 875 321 navibus.

125 437 218 519 Viti,
240 434 293 502 432

190 546 347 609 hilarato
369 551 631 625 inpensiuncula
652 550 711 609 nub
732 550 857 611 ilicibus
878 570 959 631 auo,

211 657 402 735 Triqtuta
424 662 563 737 capitana
580 662 670 738 fatua
688 664 802 737 ruina,
826 661 952 740 iacebit,

206 764 302 844 Atta,
324 765 391 823 aulo
412 766 580 838 recubaret,
601 765 666 825 atta·
685 770 805 827 circum
828 767 926 827 ubera
946 767 1023 827 uati.

209 875 272 934 Hic
294 874 382 935 locata
403 877 492 935 urbia
512 879 580 948 erit,
604 878 729 955 requies
749 895 786 937 ea
806 881 895 935 certa
917 875 1068 944 labarum,

208 983 269 1042 Ea·
290 1002 350 1062 quo
372 984 568 1044 terdenis
589 986 696 1044 urbem
717 985 922 1047 redeuntibus
943 988 1038 1044 auuio

209 1087 378 1158 Acauuiua·
396 1091 480 1149 clari
498 1092 611 1153 caudet
632 1068 828 1167 coqucmiuia
848 1090 974 1158 Albam.

127 1221 400 1301 Quemadmodum
427 1222 460 1284 hi
488 1226 562 1284 anni
583 1243 625 1285 ex
649 1224 779 1284 historia
801 1223 1036 1305 antiquissimu,
1064 1223 1107 1284 ita
1138 1224 1266 1307 triginta
1296 1224 1368 1288 iiiae

127 1339 230 1394 naves
252 1334 272 1392 e
294 1335 470 1403 recentiore
494 1333 638 1396 Romanu
669 1343 743 1394 sunt
764 1344 974 1394 enumeratae.
1018 1333 1141 1394 Etenim
1164 1352 1245 1393 anno
1270 1332 1308 1394 V.
1332 1334 1370 1396 C.

127 1439 293 1501 cxcvii.
309 1438 593 1522 triviouxxvin,
616 1441 665 1502 45.
687 1449 790 1505 teste:
814 1442 1023 1504 »Provinciae
1040 1440 1083 1501 ita
1098 1440 1257 1524 decretae,
1281 1441 1372 1503 alteri

129 1547 251 1608 conanti
281 1548 390 1610 Sicilia
419 1555 452 1609 et
480 1551 654 1632 triginta
685 1559 844 1612 rostratae
877 1568 996 1626 naves,
1029 1567 1110 1630 quas
1143 1547 1181 1612 C.
1211 1549 1371 1611 Servilius

127 1657 291 1733 superiore
311 1674 393 1716 anna
415 1653 614 1717 habuissent
640 1657 762 1719 Eodem
784 1677 869 1719 anuo.
889 1657 997 1737 Scipio
1019 1656 1140 1730 (ibid.]:
1163 1657 1374 1741 „Triginta

130 1762 259 1824 navium
281 1754 426 1843 carinae,
456 1765 569 1857 viginti
592 1768 857 1849 quinquereme,
888 1767 998 1829 decem
1021 1765 1254 1846 quadriremett,
1278 1783 1371 1844 quum

128 1879 238 1932 esseut
256 1873 402 1952 positaey
431 1874 500 1953 ipae
516 1873 564 1935 ita
587 1875 699 1936 institit
721 1876 823 1956 aperi,
847 1884 882 1936 ot
903 1874 954 1936 die
985 1873 1228 1958 quadragesimo
1251 1874 1371 1954 quinto,

129 1999 222 2060 qnam
246 1999 287 2040 ex
309 1980 400 2041 silvis
422 1979 564 2043 detracta
587 1982 716 2044 materia
738 1992 823 2063 erat,
861 2001 963 2044 naves
986 1983 1158 2045 instructae
1171 1990 1374 2063 armataeque

128 2089 159 2150 iu
181 2107 293 2168 uquam
317 2086 471 2150 deductae
493 2089 564 2149 siut
607 2088 697 2168 (to.)
720 2090 888 2151 Profectus
910 2088 1097 2151 inSiciiiam
1120 2097 1172 2151 cst
1193 2091 1373 2171 triginta

129 2195 267 2258 navibus
290 2196 423 2279 tongisn
447 2196 591 2278 XXVII,
612 2196 650 2262 t:
682 2197 885 2282 o'i'rigiuta
912 2197 1153 2279 quinqueremes
1189 2216 1231 2259 ex
1260 2197 1369 2259 Sicilia

132 2305 310 2366 Tarentum·
342 2302 383 2365 ad
419 2303 459 2382 Q.
481 2304 615 2367 Fabium
636 2307 798 2368 consulem
821 2306 898 2367 mitti
920 2307 1059 2368 iussae«
1104 2304 1320 2386 ccxxvii,
1341 2305 1373 2367 8.

130 2400 334 2493 Quamquam
356 2412 493 2473 classem
511 2413 666 2494 integram
688 2412 866 2475 Romanam
894 2413 1046 2473 maiorem
1068 2412 1169 2471 foisse
1197 2416 1332 2473 constat

212 2543 241 2603 2.
284 2543 333 2603 De
359 2545 528 2604 materia
550 2543 676 2603 navium
699 2541 949 2605 fabricandarum
971 2542 1052 2603 haec
1067 2540 1229 2624 Vegetius
1249 2539 1370 2621 1V,3t.

130 2648 266 2730 profert:
293 2649 365 2709 „Ex
386 2648 541 2728 cupresso
573 2660 651 2732 ergo
681 2656 713 2710 et
743 2650 839 2731 pinu
869 2648 1096 2711 domestica
1129 2651 1201 2710 aive
1233 2650 1374 2710 silvestri

129 2754 227 2823 larice
250 2766 282 2821 et
296 2750 439 2821 'abiete
461 2756 632 2839 praecipue
661 2759 801 2820 liburna
822 2758 1015 2840 contexitur,
1047 2757 1150 2819 utiiiua
1172 2760 1275 2819 aereis
1305 2758 1375 2818 aia-

133 2868 197 2951 vis,
220 2885 315 2949 quam
338 2867 462 2947 ferreis,
490 2864 709 2949 configenda«
753 2865 847 2945 Quod
869 2865 908 2928 de
930 2865 1002 2946 pinu
1024 2885 1095 2929 cum
1115 2865 1166 2927 ilio
1189 2863 1310 2948 Georg.
1331 2867 1376 2947 11,

132 2979 208 3039 tte.
231 2977 396 3038 convenit:

215 3088 306 3147 Dant
327 3086 406 3144 alica
429 3084 512 3145 aliae
528 3086 629 3164 setae,
651 3085 731 3144 daut
748 3084 828 3144 utile
850 3086 971 3161 lipuum

213 3194 401 3268 Naoipiie
421 3194 563 3272 pinca,
584 3188 725 3250 alamitae
747 3192 959 3270 caediumque
981 3208 1222 3269 cupreoooeque.

133 3297 406 3384 uctog.1V,38:

217 3412 314 3474 Cedet
333 3415 366 3469 et
384 3411 453 3487 ipae
473 3411 557 3470 mari
575 3413 691 3484 vector,
714 3423 773 3466 uec
795 3409 994 3466 nauticae
1022 3407 1150 3483 pinus

212 3519 354 3581 Mutabit
372 3535 504 3578 meraea.

133 3628 186 3692 Ci.
210 3630 290 3689 Aen.
312 3627 356 3708 Χ,
378 3624 458 3688 206:

216 3737 363 3797 Mtactas
383 3735 500 3813 ittseetu
521 3732 656 3793 ducebat
674 3735 709 3792 iu
729 3749 868 3810 aequora
886 3732 993 3808 pinu.

133 3844 233 3906 Pinus
256 3817 408 3903 unacum
430 3841 521 3919 picea
543 3850 576 3899 et
603 3857 697 3899 acere
729 3839 890 3899 materiam
919 3855 1048 3918 quoque.
1072 3834 1224 3899 dederunt
1254 3837 1369 3900 classis
1403 3898 1409 3909 Ι

134 3948 295 4010 Troianae
317 3953 400 4007 teste
422 3946 492 4024 ipsa
513 3951 613 4007 matra
636 3944 828 4026 Berecyntia
850 3944 892 4018 Χ,
915 3941 972 4006 84;

216 4056 345 4116 Pinea.
362 4056 468 4115 aileu
489 4056 578 4138 milti,
600 4055 715 4115 multoe
736 4054 852 4114 dilecta
870 4071 930 4130 per
952 4070 1054 4112 unaue

217 4165 331 4225 Laecae
352 4169 385 4224 iu
406 4186 480 4227 arce
496 4170 565 4246 fuit
583 4184 715 4237 eumma,
738 4184 798 4243 qua
819 4183 916 4224 naara
934 4165 1093 4246 serebant,

215 4273 370 4349 Myrautt
386 4279 503 4352 picea
525 4276 726 4354 traiciensque
745 4274 901 4333 obscurus
922 4277 1061 4333 acerui
1068 4294 1096 4333 o.

215 4382 288 4442 Hae
308 4402 365 4460 epa
386 4384 549 4444 Dardania
569 4383 685 4455 iuveni,
705 4398 776 4439 cum
797 4378 913 4439 ciaeoia
936 4386 1055 4458 efferet,

220 4491 323 4552 Laeta
344 4491 425 4550 teti.

133 4607 219 4661 teste
240 4606 335 4679 poeta
357 4599 401 4679 X,
427 4587 499 4658 il5:
616 4598 624 4613 “
924 4684 926 4689 γ

216 4706 308 4768 Neue
326 4709 448 4764 armate
469 4721 603 4777 munue5
624 4703 726 4760 maria
747 4704 820 4760 ante
840 4717 980 4760 eeurere
1006 4698 1123 4778 Turno,

219 4810 322 4887 Ouum
341 4831 453 4875 racraa
474 4812 602 4873 datum
620 4813 763 4889 pietur.
