3022 5234
148 216 208 280 ten
647 216 903 281 Donavibus.

145 394 249 463 Acilio
272 399 394 482 posito,
427 397 566 480 pluribus
586 417 762 481 aggressus
783 400 930 482 naribus,
954 400 984 462 in
1008 401 1121 482 quibus
1142 394 1183 463 a'd
1205 401 1313 464 libram
1336 403 1391 465 fe-

146 515 235 567 cerat
256 514 378 585 turres,
409 515 443 566 ut
465 525 506 566 ex
529 505 684 584 superiori
713 524 862 589 pugnans
894 507 965 568 looo
994 538 1039 582 -,
1063 541 1103 552 -
1132 509 1392 573 aduersariorum

146 633 260 676 manus
283 612 475 676 diduceret.“
518 612 640 674 Deinde
663 615 697 673 B.
721 611 802 675 Gall.
825 617 883 694 lll,
910 616 960 677 ll.
1003 617 1176 679 u'l'urribus
1199 633 1306 680 nutem
1328 641 1390 681 ex-

148 722 252 783 citatis
273 732 378 784 tamen
399 723 457 783 bus
479 722 611 784 altitudo
634 726 786 804 puppium
810 744 849 785 ea
872 725 1012 787 barbaris
1033 725 1265 806 [Venetorum]
1292 727 1390 788 navi-

147 831 205 892 bus
227 831 427 912 superabat“
470 830 556 891 Flor.
579 829 636 903 tv,
660 831 713 890 ll:
749 829 894 912 ”Quippe
916 853 936 893 a
956 835 1097 896 serris·ln
1120 854 1263 897 novenos
1285 854 1393 895 remo·
1440 825 1443 833 ¹

147 959 216 1000 rum
240 939 406 1015 ordinibus,
428 957 447 999 u
468 938 530 1000 hoc
551 939 731 1000 turribus
751 950 847 1023 atque
863 941 1010 1003 tabulatis
1026 944 1175 1005 allevatis
1192 943 1394 1006 castellorum

148 1046 201 1107 vel
224 1045 343 1106 urbium
366 1044 475 1124 specie
500 1061 562 1104 non
584 1044 653 1105 sine
673 1049 793 1127 gemitu
816 1047 912 1106 maris
934 1054 966 1108 et
981 1047 1096 1109 ‘labore
1118 1056 1288 1113 ventorum
1304 1050 1395 1112 iero·

148 1148 295 1216 buntur.“
337 1153 457 1216 l'erum
480 1153 544 1214 buc
567 1173 628 1214 non
650 1156 816 1235 pertinent,
837 1157 970 1236 quaein
993 1157 1062 1236 ipsu
1085 1156 1318 1240 Syracusarum
1341 1178 1396 1241 per

148 1263 334 1325 Marcellum
356 1263 590 1344 oppugnatione
603 1281 686 1325 anno
703 1263 744 1326 V.
765 1263 803 1326 C.
818 1266 1038 1330 bxxxvui.
1056 1286 1075 1327 a
1092 1267 1185 1327 [rivio
1203 1268 1332 1342 XXIV,
1346 1266 1397 1329 34.

150 1378 365 1433 memorantur
383 1378 486 1431 turres
505 1370 740 1448 contabulatae,
760 1373 842 1453 quae
857 1371 897 1432 ud
913 1373 1013 1434 solam
1031 1391 1185 1433 murorum
1202 1372 1396 1435 obsidionem

150 1481 316 1562 pertinent.
354 1480 390 1540 ln
412 1482 516 1540 uumis
537 1497 663 1560 quoque
686 1478 818 1540 turritae
839 1497 962 1560 puppes
983 1478 1135 1540 interdum
1157 1480 1397 1561 conspiciuntur.

234 1588 350 1667 Neque
372 1587 445 1648 illud
466 1585 701 1668 negligendum,
724 1585 806 1666 quod
830 1586 939 1647 fausta
962 1587 1130 1648 occasione
1154 1586 1258 1648 oblata
1280 1599 1396 1651 nautae

149 1717 274 1783 puppes
306 1697 505 1761 coronabant.
549 1699 598 1758 lta
621 1696 678 1776 lV,
708 1695 777 1760 418.
820 1695 1025 1756 Troianorum
1047 1694 1086 1756 de
1113 1695 1309 1778 Cartbagine
1333 1696 1392 1758 de-

151 1807 320 1872 cedentes:

232 1915 397 1993 Puppibus
418 1920 449 1972 et
469 1914 545 1972 loeti
564 1917 682 1971 nautae
704 1914 871 1988 inposuere
891 1929 1036 1971 europus.

152 2019 255 2098 Quem
284 2018 432 2080 italorum
460 2035 577 2077 morem
607 2016 707 2077 fuisse
736 2017 796 2077 iam
825 2035 866 2076 ex
896 2015 993 2096 ipsius
1025 2015 1123 2077 nostri
1154 2021 1390 2101 comparatione

155 2126 277 2209 Georg.
304 2127 327 2201 l,
346 2123 418 2186 303
442 2125 592 2205 percipis:

236 2237 301 2298 ceu
320 2254 453 2312 pressae
476 2253 546 2293 cum
568 2236 632 2292 ium
650 2239 776 2309 portum
799 2237 928 2309 tetipere
948 2229 1088 2309 carinae,

234 2343 398 2421 Puppibus
421 2347 452 2400 et
471 2342 546 2399 loeti
567 2346 685 2399 uuutue
705 2343 873 2416 inposuere
894 2358 1037 2402 coronae.

153 2453 218 2533 Qui
240 2451 300 2512 loci
321 2450 365 2509 its
387 2447 550 2531 differunt,
580 2459 614 2509 ut
637 2447 677 2508 illi
700 2446 776 2509 veli
798 2447 910 2509 dantes
930 2467 1032 2510 naves
1055 2458 1183 2532 ornent,
1212 2452 1243 2513 bi
1268 2457 1396 2518 veroin

151 2567 274 2643 portum
298 2554 401 2618 delati.
444 2554 526 2617 Rem
556 2555 702 2616 inlustrat
723 2554 854 2616 Sueten.
878 2555 975 2617 Vitell
1008 2555 1063 2618 10:
1103 2559 1271 2640 »Namque
1290 2562 1398 2623 itinere

151 2669 299 2731 inchoato
322 2688 378 2746 per
400 2666 519 2728 medias
542 2668 690 2728 civitates
714 2667 774 2726 ritu
794 2666 1047 2746 triumphantium
1056 2680 1172 2732 vectus
1194 2684 1261 2748 est,
1283 2693 1398 2755 perque

122 2777 278 2849 ,illumina
308 2775 542 2836 delicatissimis
581 2777 718 2856 rravigiis
745 2783 778 2837 et
808 2781 1014 2869 uariarum
1053 2796 1293 2840 coronarum
1329 2792 1397 2859 ge·-

153 2902 247 2944 nere
269 2881 478 2942 redimitis
502 2882 580 2942 inter
602 2883 840 2962 profusissimos
871 2889 1074 2964 opsoniorum
1097 2869 1287 2966 apparatus,
1318 2885 1398 2945 nulla

152 2990 290 3053 familiae
317 2998 371 3050 aut
394 2989 499 3048 militis
534 2989 720 3071 disciplina,
751 2993 879 3070 rapinas
908 3008 948 3052 ae
981 2995 1184 3072 petulantiam
1208 2995 1346 3055 omniurn
1369 2992 1397 3053 iu

153 3103 256 3162 iocum
280 3093 445 3159 vertens.“
491 3096 583 3159 Ovid.
614 3100 745 3160 bletam.
767 3098 841 3171 XV,
871 3100 950 3162 696:

237 3208 335 3267 'sorta
357 3214 581 3267 coronatae
603 3208 730 3268 solvunt
754 3207 927 3270 retinacula
946 3206 1106 3287 puppis.

153 3315 263 3379 Valet.
287 3315 392 3376 Flacc.
416 3316 535 3397 Argon.
567 3318 592 3394 l,
616 3315 696 3376 301:

237 3422 320 3483 Visa
348 3430 573 3484 coronatae
603 3421 728 3504 fulgens
750 3423 847 3482 tutela
869 3422 1048 3482 carinae.

155 3529 344 3608 Quaesitum
368 3549 445 3599 uero
474 3548 591 3612 saepe,
628 3541 728 3590 utrum
749 3531 781 3590 in
803 3531 897 3610 puppi
918 3532 957 3589 a'u
980 3533 1009 3589 in
1030 3545 1122 3609 prora
1145 3528 1244 3589 tutela
1267 3508 1396 3590 nuvium

155 3641 260 3702 fuerit.
304 3638 536 3720 Distinguendu
557 3647 629 3699 sunt
652 3639 817 3720 insigne
840 3649 870 3698 et
902 3637 1039 3698 tutela.
1084 3636 1193 3716 Prius,
1227 3636 1312 3716 quod
1341 3655 1402 3696 non

156 3748 205 3808 dei
226 3748 278 3806 vel
301 3743 381 3805 deae
410 3744 541 3805 alicuius
566 3747 734 3827 imaginem
757 3746 814 3807 sed
839 3747 974 3806 ferarum
998 3735 1049 3804 vel
1072 3752 1282 3803 monstrorum
1307 3741 1404 3804 fabu-

156 3852 292 3912 losorum
313 3848 491 3924 exhibebat,
513 3850 544 3908 in
559 3869 650 3930 proru
668 3849 762 3911 lixum
789 3860 866 3911 erut.
889 3850 958 3924 (ef.
974 3849 1102 3910 Anticb.
1119 3846 1265 3909 d'blrcol.
1284 3849 1332 3931 V,
1358 3847 1403 3927 1.)

158 3958 226 4018 'rati
250 3959 373 4016 ratione
395 3959 444 4037 Χ,
474 3957 545 4019 156:
1322 3962 1326 3968 '

892 4041 1014 4102 Aeneia
1032 4044 1150 4118 puppis

242 4148 353 4207 Primu
375 4153 468 4228 tenet,
493 4155 627 4208 rostro
649 4148 810 4227 Pbrppios
834 4151 1001 4208 subiuncta
1024 4149 1138 4207 leonae.

160 4253 210 4314 ubi
233 4261 355 4328 rostro,
385 4270 497 4331 prorae
519 4252 641 4333 ituque,
661 4251 822 4333 Phrygios
843 4253 954 4313 leones
974 4253 1159 4314 subiunctus
1181 4272 1255 4314 esse
1277 4265 1405 4334 notato;

156 4379 265 4423 verum
288 4360 316 4420 si
338 4370 431 4438 poeta
452 4360 571 4439 pergit:

239 4472 388 4531 Imminet
407 4470 468 4528 Ida
488 4488 598 4548 super,
619 4471 766 4547 profupis
787 4471 974 4545 pratissima
999 4468 1138 4528 Teucris.

243 4578 307 4638 Hic
329 4595 468 4653 mupuue
488 4580 578 4636 sedet
594 4574 737 4652 Aeneas,
760 4595 930 4654 secumque
951 4577 1075 4637 uolutat

243 4686 389 4745 Euentus
411 4685 485 4744 tetta·
507 4689 625 4760 aurius,
646 4682 822 4760 Pallasque
842 4687 973 4742 sinistro

240 4790 383 4869 Adfixus
406 4789 500 4848 lateri
521 4792 584 4848 ium
605 4792 732 4868 quaerit
750 4789 857 4847 sideru
879 4830 887 4846 .
909 4831 917 4846 .
940 4831 979 4850 ..
