3022 5234
126 242 189 306 234
573 238 631 298 De
662 235 749 297 iure
777 231 952 314 privato.

215 424 365 486 Vendidit
384 421 435 481 Itio
458 439 536 480 auro
555 423 694 498 patriam
714 419 935 494 dominamque
955 416 1113 491 potetatem
1200 468 1204 475 ,

209 534 367 609 Inposuit,
387 532 465 605 fiel!
483 527 568 602 tepeo
586 530 688 603 pretio
710 525 813 602 adque
833 527 948 603 refluit.

129 657 181 718 ubi
204 656 358 717 Servius:
382 648 554 728 „Vendidit
574 649 672 712 Curio
688 647 821 711 Caesari
834 647 948 728 viginti
961 655 1085 727 septem
1101 641 1224 703 milibus
1246 647 1371 701 sester-

127 747 184 824 tiis
199 756 369 824 Romam.“
391 760 441 819 De
460 758 637 839 posteriore
652 757 810 817 sententia
830 754 871 817 ad
886 753 1057 815 Antonium
1077 744 1244 813 reserenda
1255 743 1371 809 videas

126 890 225 951 supra
237 876 263 943 s.
275 868 305 930 2.
321 868 361 929 de
379 869 445 929 iure
461 863 608 927 dit-undo.
643 864 692 924 Illi
708 883 796 939 vero,
818 865 871 944 qni
889 865 983 923 tertio
998 862 1067 922 looo
1085 881 1144 923 neo
1164 864 1259 921 ueriti
1269 861 1371 919 doma

131 999 244 1040 norum
268 978 386 1058 follere
408 979 553 1048 destrae,
572 973 680 1034 neseio
702 990 742 1032 en
766 991 809 1032 ex
829 971 881 1032 illa
906 971 980 1052 lege
1001 969 1065 1030 XII
1085 966 1278 1029 'fabularum
1307 967 1372 1027 snt

128 1085 320 1168 deprompti:
363 1082 434 1144 Sei
462 1098 614 1142 servos
648 1080 817 1141 sciente
855 1078 1017 1149 domino
1053 1077 1202 1139 lurtum
1229 1073 1366 1136 faxsit

130 1194 376 1257 noxsiarnve
397 1189 551 1260 noxsit,
577 1188 728 1249 noxsai
751 1186 908 1262 dedito,
930 1180 1371 1267 quemadmodumsanelieri

127 1302 276 1384 potnerit,
297 1308 333 1360 ut
354 1301 470 1380 integri
488 1297 532 1358 illi
554 1315 670 1357 versus
691 1294 868 1362 eos-61³.
879 1293 919 1356 ad
940 1294 1000 1355 has
1022 1292 1149 1356 tabulas
1168 1291 1287 1354 Ineunt
1308 1290 1371 1352 ad·

126 1410 269 1473 umbrati.
295 1407 438 1488 Denique
459 1425 590 1468 versum
612 1403 689 1469 6²3:

209 1519 272 1579 Hie
294 1516 468 1576 thalamum
488 1518 607 1574 invasit
625 1520 721 1574 natue
741 1520 913 1594 oetr’toopree
934 1516 1135 1593 hymenaeos.

128 1625 263 1688 Servius
284 1621 382 1683 refert
403 1621 444 1682 ad
466 1620 641 1702 Thyestem
664 1628 697 1680 et
712 1618 878 1699 Cinyram:
902 1620 1006 1680 „Nam
1022 1618 1104 1699 quod
1118 1620 1266 1681 Donatus
1280 1617 1367 1698 dieit,

127 1733 219 1794 nelas
241 1742 291 1792 est
309 1726 406 1807 oredi,
430 1726 545 1788 dietum
568 1745 643 1788 osse
665 1725 705 1787 de
727 1727 859 1790 'Pullion
903 1725 956 1788 Ad
973 1728 1068 1808 leges
1091 1730 1187 1790 etiam
1205 1728 1369 1792 Romanas

13 1840 15 1847 '
126 1849 294 1922 spectasse
316 1844 443 1917 poetam
465 1833 652 1896 arbitrantur
668 1835 748 1899 Aen.
769 1834 828 1906 IV,
850 1832 932 1908 tet,
955 1835 1007 1897 ubi
1029 1833 1131 1901 Didot

219 1947 337 2018 I'estor,
364 1962 450 2016 oltra,
473 1943 549 2001 deos
570 1948 602 2000 et
621 1948 660 2017 te,
679 1961 844 2017 permane,
869 1949 1020 2023 tutamque

209 2052 314 2114 Duloe
335 2057 441 2128 copul,
462 2053 606 2126 mopiooo
626 2053 755 2109 inottom
775 2055 939 2126 aeotrtpier
960 2055 1049 2111 artis.

126 2161 277 2224 Servius:
301 2155 421 2237 ,‚Quia,
443 2174 538 2235 quurn
560 2154 656 2216 multa
678 2173 770 2217 saera
784 2155 919 2218 Romani
941 2160 1130 2237 reciperent,
1150 2176 1279 2239 semper
1301 2181 1369 2224 ma-

127 2271 202 2352 gica
223 2266 443 2342 damnarunt.“
484 2269 521 2328 In
543 2269 606 2330 ΧΗ
640 2268 770 2328 'I'abulis
798 2272 950 2348 sertptum
979 2277 1067 2331 erat:
1111 2269 1187 2348 Qui
1216 2274 1368 2335 malent

128 2394 293 2438 earmen
314 2375 574 2440 ineuntessit
593 2377 837 2458 malomque
855 2380 1194 2443 venenomiaxsit
1215 2381 1368 2466 duttve,

129 2486 288 2565 kapital
310 2494 373 2570 est
383 2505 410 2547 o.
455 2485 610 2546 Fortasse
631 2484 693 2545 huo
714 2484 809 2546 etiam
830 2485 1040 2550 advocandus
1059 2497 1111 2550 est
1134 2491 1209 2572 XII,
1229 2492 1313 2555 603:

213 2595 261 2654 Et
280 2596 397 2654 nodum
418 2595 565 2672 informis
586 2593 643 2652 teo·
662 2595 750 2653 trabe
770 2600 870 2655 rreott't
889 2598 927 2656 ab
948 2596 1022 2657 olto.

128 2701 182 2761 ubi
205 2700 287 2762 idem
310 2702 480 2780 interpres:
508 2702 624 2780 „Sane
645 2702 819 2782 sciendum,
844 2706 917 2784 quia
938 2712 1065 2766 cautum
1087 2704 1192 2766 fuerat
1210 2702 1244 2765 in
1263 2710 1371 2785 ponti-

126 2807 271 2871 ficalibus
293 2808 390 2889 libris,
413 2817 459 2888 ut,
484 2809 535 2889 qui
557 2809 670 2888 laqueo
692 2810 790 2871 vitam
812 2811 948 2891 linisset,
977 2812 1154 2893 insepultus
1175 2813 1371 2892 obiceretur,

129 2915 212 2977 unde
234 2915 314 2976 bene
336 2916 380 2976 ait
400 2919 547 2994 informia
571 2916 638 2992 leti,
662 2917 752 2997 quasi
776 2916 1037 2981 infamissimae.“

210 3027 251 3086 II.
295 3023 528 3108 Obligationum
555 3024 639 3105 apud
661 3026 825 3089 Romanos
848 3028 1015 3099 notissima
1036 3036 1087 3091 est
1109 3029 1223 3094 locatio
1245 3032 1371 3095 eondu-

128 3133 202 3209 otio,
222 3131 262 3194 ad
285 3150 377 3212 quam
399 3131 594 3196 referendam
619 3152 693 3194 esse
716 3135 850 3217 quisque
871 3134 959 3197 videt
981 3138 1056 3217 XII,
1077 3136 1159 3201 520:

494 3243 718 3322 conductaque
736 3250 829 3320 poter
851 3243 964 3304 tellure
986 3246 1118 3305 serebat.

127 3352 179 3423 (In
201 3351 252 3411 illo
274 3369 400 3432 quoque
420 3353 465 3433 u,
488 3353 567 3415 453:
605 3357 752 3430 ‚perotus
782 3375 863 3415 usna
898 3355 1062 3415 sectorum
1083 3355 1218 3418 Servius
1238 3358 1372 3420 verbum

128 3457 202 3518 iuris
223 3479 305 3519 oeus
326 3461 476 3542 agnovit,
512 3480 608 3543 quum
630 3461 703 3539 uia,
739 3469 849 3542 aetus,
880 3479 959 3522 usus
990 3460 1228 3545 discernantur,
1264 3467 1374 3530 neseio

127 3584 170 3627 an
190 3568 329 3647 iniuria)
367 3570 592 3633 Promissionis
618 3572 671 3633 vel
699 3571 911 3650 stipulationis
932 3572 1111 3652 exemplum
1134 3571 1290 3636 habemus
1313 3576 1372 3656 IX,

127 3673 212 3753 tet,
235 3674 287 3735 ubi
309 3676 396 3736 Iulus
418 3676 603 3755 pollicetur:
1095 3687 1098 3693 '

215 3781 362 3859 Spondeo
383 3785 481 3860 dipuo
502 3787 567 3843 tuis
587 3786 768 3860 torpentibus
786 3788 893 3844 omnio
916 3788 1041 3862 eoeptt’r.

127 3887 284 3951 Codicum
313 3891 507 3971 quorundam
536 3892 629 3976 lpotio
658 3892 788 3970 Spondo
816 3892 940 3954 servari
961 3910 1025 3953 non
1046 3909 1144 3972 posse
1165 3893 1306 3957 arbitros
1321 3913 1375 3957 ra·

127 3999 214 4060 tinne
235 3999 380 4079 integrae
401 4001 580 4061 sententiae
602 3993 726 4080 habita,
750 4001 825 4062 nihil
848 4002 930 4062 enim
945 4001 1106 4082 Euryalus
1129 4005 1296 4084 promittit,
1319 4000 1375 4064 sed

127 4115 200 4168 orat
220 4114 341 4168 tantum
363 4104 403 4166 de
424 4116 526 4168 matre
544 4107 686 4182 solando,
707 4127 812 4187 neque
830 4106 894 4170 diei
913 4117 1021 4188 potest
1036 4107 1150 4169 Latine
1164 4111 1236 4170 suis
1250 4114 1374 4191 eoeptls

113 4214 226 4296 'digua
255 4215 415 4295 spondere
450 4236 507 4296 pro
537 4225 737 4297 exspectare.
781 4216 941 4278 Ascanius
972 4234 1050 4275 vero
1080 4214 1188 4277 statim
1216 4219 1376 4282 sententia

128 4326 285 4408 sequenti,
303 4346 392 4409 quae
410 4326 563 4406 spondet,
595 4336 739 4410 enarrat,
769 4328 989 4388 oonlunetlone
1008 4343 1146 4406 nomque
1167 4327 1295 4388 omnino
1316 4343 1374 4408 po-

47 4465 50 4471 ·
128 4439 297 4499 steriorenr
331 4454 401 4499 eunt
429 4434 533 4515 priore
562 4445 768 4500 eonneetens.
801 4434 948 4515 ‘Repetit
978 4452 1076 4496 versu
1104 4432 1179 4497 eol.
1211 4434 1374 4514 pollioeor,

132 4542 177 4603 ito
198 4551 234 4604 ut
253 4541 338 4605 haud
361 4542 499 4622 videam,
519 4540 783 4622 quemadmodum
803 4544 854 4603 vir
874 4541 1043 4622 quisquam
1066 4541 1180 4607 doetus
1202 4539 1245 4607 de
1260 4541 1326 4607 Irae
1342 4559 1376 4601 re

131 4650 233 4729 possit
254 4650 409 4713 dubitare.
453 4648 498 4710 At
517 4648 602 4710 inest
621 4646 792 4711 diffieultas
814 4647 954 4713 matrina
988 4645 1155 4728 Vergilius
1176 4646 1260 4710 euim
1280 4665 1375 4730 prae·

102 4827 109 4841 ,
131 4771 276 4843 terquam
297 4762 329 4824 in
351 4759 516 4827 vocabulis
537 4761 611 4840 duo,
634 4761 842 4838 epo-mdo,
869 4759 937 4818 seio
954 4751 1164 4837 nusquamst
1180 4754 1279 4822 finale
1298 4770 1374 4823 oot-
