3022 5234
215 234 280 303 w
679 238 735 300 ue
758 237 1031 302 vestimentis.

214 420 383 484 addiderat
401 421 502 484 verba
522 421 558 484 P.
581 420 745 501 Scipionis
767 419 908 481 Africani
929 422 959 482 in
981 420 1017 481 P.
1036 420 1211 501 Sulpim'uar
1237 419 1376 505 Gallum,
1400 424 1460 489 ho·

214 528 330 588 minem
353 527 537 589 delicatum:
571 527 649 608 „qui
662 558 701 570 -
714 545 785 588 oum
802 525 955 589 chiridota
971 529 1075 590 tunica
1091 528 1220 590 inferior
1240 531 1456 594 accubuerit.“

214 644 247 697 et
267 635 369 697 addit:
395 634 554 712 „Quintus
576 652 702 715 quoque
725 632 847 693 Ennius
870 633 1183 716 Cardiaginiensium
1211 639 1383 702 tunicatam
1406 644 1459 703 in·

213 751 379 805 ventutem
401 762 464 804 non
485 741 611 802 videtur
633 742 702 800 sina
723 741 836 820 probro
859 739 1008 804 dixissent
1032 742 1097 822 ubi,
1130 742 1215 823 quod
1237 745 1310 805 olim
1333 765 1458 809 meeum

212 851 410 912 comederam
434 849 675 909 manicatam
698 845 909 928 iuventutem,
933 857 1060 927 propter
1080 849 1219 911 Nonium
1241 869 1267 912 s.
1280 872 1311 912 v.
1333 854 1458 916 'l'uniea

211 959 273 1020 iam
296 955 500 1019 reiieiendum
523 957 591 1018 erit.

294 1060 393 1126 't'oun
414 1063 498 1144 apud
519 1064 698 1145 Vergiiium
722 1083 784 1124 non
809 1073 941 1143 apparet
956 1072 1084 1145 propter
1105 1066 1307 1132 resbeilioaa
1329 1066 1456 1131 Cedant

211 1192 300 1237 arma
323 1182 430 1254 togae.
464 1170 587 1231 Verum
609 1188 679 1230 eam
704 1187 779 1230 esse
801 1178 927 1230 vestem
954 1170 1171 1233 Romanorum
1202 1175 1359 1254 propriam
1383 1169 1460 1236 inde'

209 1283 315 1363 vides,
338 1281 421 1362 quod
444 1283 472 1361 1,
494 1277 566 1341 282.
589 1279 744 1360 appellata

292 1393 454 1453 Romanoa
475 1407 582 1448 rerum
604 1388 745 1447 dominos
764 1395 952 1468 flentemque
972 1397 1120 1467 topatam.

208 1498 331 1560 Nescio
370 1504 477 1557 tamen
514 1511 554 1553 an
594 1490 825 1574 significaverit
856 1501 963 1574 togam
1008 1493 1048 1555 de
1080 1496 1162 1575 pelio
1199 1497 1450 1578 antiquissimam

207 1608 278 1668 loeo
300 1623 398 1685 supra
426 1603 520 1665 allato
542 1601 642 1682 vili,
671 1600 759 1683 460„
787 1602 839 1662 ubi
860 1600 1013 1665 Evander
1034 1622 1097 1665 non
1127 1611 1236 1668 tuuiea
1267 1610 1371 1672 solum
1401 1617 1450 1673 est

206 1712 346 1790 indutus,
369 1711 444 1774 sedt

288 1821 438 1880 Demisere
460 1819 499 1879 ad
519 1819 609 1878 lneoa
628 1818 806 1888 pantherae
827 1824 918 1895 terpa
938 1826 1133 1900 retorquens.
1251 1845 1255 1854 “

205 1930 298 2009 'l'oga
320 1928 401 1988 enim
425 1934 508 1987 teste
531 1924 653 1986 Isidoro
676 1925 769 2001 xlx,
783 1922 874 2006 aaa.
896 1933 929 1986 ot
951 1933 1162 1991 monumentis
1183 1929 1347 1995 omnibus:
1370 1931 1447 1994 asub

204 2035 319 2098 dextro
341 2036 475 2096 veniens
498 2051 598 2113 supro
618 2032 786 2109 humerum
806 2033 968 2094 sinistrum
991 2036 1144 2116 ponitumi
1168 2036 1250 2099 Aliis
1263 2057 1343 2100 vero
1356 2039 1446 2118 loeis,

203 2144 319 2226 quibus
341 2143 505 2225 Vergilius
528 2141 725 2202 Herculeum
749 2139 802 2199 vei
823 2143 1024 2202 vomitorium
1055 2142 1185 2205 heroum
1213 2143 1358 2208 habitum
1388 2145 1446 2207 de·

202 2257 344 2334 scripsit,
359 2249 448 2312 addit
470 2247 639 2324 interdum,
662 2245 748 2326 quod
769 2245 860 2324 peliis
882 2248 977 2327 capiti
998 2247 1135 2310 induitur
1161 2268 1193 2315 v.
1214 2268 1247 2331 g.
1271 2251 1445 2332 V115658:

200 2365 340 2424 Indntua
360 2362 464 2435 copiti,
489 2356 550 2435 xl,
570 2353 646 2415 577:

288 2470 423 2547 ityridia
445 2470 579 2527 esaeiae
596 2486 656 2544 per
677 2468 805 2524 dorsum
829 2486 848 2524 n
869 2469 1025 2525 vertice
1043 2467 1190 2544 pendent.

197 2580 255 2655 xi,
279 2577 356 2640 678:

282 2684 465 2761 Pupnntori
482 2686 585 2760 operit
604 2688 700 2759 eaput
720 2688 833 2761 inpono
855 2687 920 2744 orie
942 2683 1059 2745 dietus.
1177 2763 1179 2769 Ι

282 2792 436 2851 'ianuam
478 2785 562 2847 Vide
584 2805 683 2867 supra
705 2792 733 2860 ς.
754 2787 783 2849 6.

187 2972 191 2981 ⁸
278 2899 399 2961 Panna
422 2894 561 2956 maxime
582 2905 650 2956 erat
672 2894 847 2956 mulierum.
870 2893 982 2955 isidori
1004 2896 1093 2958 iooue
1115 2899 1208 2980 XIX,
1229 2899 1282 2976 25,
1306 2901 1336 2963 θ.
1359 2920 1439 2966 non·

197 3008 270 3073 dum
292 3005 373 3066 satis
396 3009 489 3062 notus
512 3019 587 3062 esse
610 3001 750 3064 videtur:
773 3004 890 3083 „Palla
906 3013 955 3065 est
970 3005 1122 3087 quadrum
1136 3010 1262 3089 pallium
1277 3014 1439 3077 mutiebris

195 3115 308 3183 vestis,
332 3109 504 3171 deductum
526 3127 630 3191 usque
645 3109 686 3172 ad
699 3113 946 3194 vestigia‚quod
967 3114 1083 3177 adfixis
1104 3119 1136 3179 in
1148 3119 1287 3182 ordinem
1305 3125 1440 3205 gemmis

195 3229 303 3288 micat.
323 3222 366 3282 iit
386 3219 470 3300 palla
492 3217 578 3295 dieta
598 3229 649 3281 est
670 3208 738 3281 dud
760 3217 819 3282 τοῦ
839 3209 990 3301 πάλλειν,
1018 3225 1051 3287 id
1073 3237 1125 3288 est
1147 3249 1167 3291 a
1188 3229 1352 3293 nobilitate
1375 3231 1439 3312 [le-

173 3312 333 3417 ‘gondum
356 3335 421 3389 est:
442 3324 644 3407 mobilitate],
667 3348 749 3410 quae
772 3339 823 3390 est
846 3333 930 3393 oiroa
954 3334 1046 3394 tinem
1059 3335 1152 3397 huius
1172 3335 1358 3421 indumenti,
1370 3342 1439 3402 sive

196 3438 280 3523 quod
303 3438 391 3518 rugis
413 3437 612 3500 vibrantibus
635 3443 760 3501 sinuata
782 3443 967 3521 crispetum
1015 3443 1135 3505 Pallam
1158 3445 1197 3505 ad
1219 3445 1304 3508 talos
1334 3446 1437 3510 dedu-

195 3559 280 3612 otum
304 3547 406 3607 fuisso
428 3549 556 3627 pallium
577 3560 675 3630 poeta
696 3569 834 3632 quoque,
855 3552 886 3611 ni
906 3552 1010 3632 i'aiior,
1033 3552 1151 3615 iudicat
1168 3552 1207 3615 de
1230 3553 1367 3619 Camilla
1388 3559 1438 3619 in-

195 3666 288 3718 ootns
310 3655 367 3730 XI,
386 3653 464 3718 oto:

159 3826 164 3833 ,
275 3764 341 3824 Pro
363 3762 482 3822 crinali
500 3781 592 3836 auro,
612 3781 670 3838 pro
692 3763 706 3822 1
711 3782 759 3822 on
764 3784 838 3840 pne
859 3772 995 3843 tepmine
1012 3755 1120 3846 paline

277 3872 413 3947 iiyridin
434 3873 569 3929 eunome
587 3889 647 3945 per
666 3872 794 3932 doraum
815 3894 836 3932 a
856 3879 973 3935 vertice
991 3878 1138 3951 pendent.

192 3980 372 4048 sedesve,
397 3997 436 4037 ne
459 3986 557 4056 oaput
586 3995 714 4058 qnoque
737 3991 923 4060 coopertum
950 3982 1054 4044 fuisse
1084 4002 1102 4043 e
1127 3982 1252 4048 verbis:
1274 4005 1296 4046 n
1317 3989 1436 4049 vertice

191 4088 314 4166 eiicias3
337 4085 417 4148 haee
439 4086 520 4147 euim
543 4084 584 4146 ad
605 4086 801 4149 Herculeum
828 4088 971 4151 habitum
993 4091 1161 4155 referenda
1181 4103 1263 4157 sont
1308 4098 1433 4163 Deinde

190 4199 229 4258 ab
250 4195 372 4257 isidoro
394 4192 550 4268 audimus,
573 4212 643 4254 eam
665 4213 894 4276 saepenumero
916 4195 1032 4258 adfixis
1059 4199 1089 4259 iu
1123 4199 1263 4263 ordinem
1294 4208 1433 4287 gemmis

189 4307 348 4380 minasse3
367 4299 500 4360 similem
523 4318 603 4360 vero
624 4313 767 4364 ornatum
792 4304 924 4365 Aeneas
936 4306 969 4383 11,
990 4305 1067 4368 ete:

270 4409 372 4471 Ferre
392 4410 477 4468 iubet
493 4407 613 4487 pallam
634 4415 737 4486 niquis
760 4433 900 4492 auroque
925 4419 1088 4492 repentem.

189 4544 242 4606 ubi
262 4541 414 4604 Servius:
439 4539 627 4623 ”Significat
649 4553 757 4604 antem
773 4546 1019 4629 tunioopailium,
1037 4549 1122 4630 quod
1143 4551 1321 4616 sumundum
1343 4553 1431 4618 Var-

190 4669 299 4712 ronem
322 4647 405 4726 patio
425 4647 465 4709 ab
489 4648 683 4729 irrogatione
707 4659 739 4710 et
760 4652 943 4728 mobilitate,
966 4667 1117 4735 quaeest
1143 4661 1230 4722 eirea
1251 4661 1347 4724 tinem
1370 4662 1430 4725 hu·

189 4757 324 4819 inemodi
345 4761 497 4840 vestium,
516 4747 586 4821 dno*
605 4755 665 4821 τοῦ
686 4746 849 4827 ndiiein“
892 4764 1035 4828 Nonius:
1064 4768 1176 4842 „Palla
1201 4780 1257 4831 est
1274 4771 1430 4836 honam
