3022 5234
171 242 229 304 Dc
250 238 360 303 binis
379 236 615 319 hastilibus,
635 236 747 316 pilis,
770 235 1016 312 missilibus,
1039 237 1220 316 spiculis
1243 243 1304 302 eet.
1331 237 1375 301 to

207 425 374 499 lupeutem
395 418 529 482 Aenean
549 420 653 493 duait,
676 422 849 497 stratisque
869 419 984 480 locauit

213 528 369 609 Effultum
388 528 478 607 foliis
500 534 532 587 et
548 526 632 605 pelle
653 524 828 604 Lrbpstidis
848 544 955 586 ursae.

129 640 187 702 setl
209 643 281 719 ipse
303 636 400 716 vill,
423 635 502 696 460:

212 732 361 807 oemts'ea
385 745 422 803 ab
445 742 534 800 laeuo
554 738 731 817 pantherae
752 744 842 815 torpa
864 745 1061 818 retorqueas.

127 852 300 934 dequibus
322 860 436 934 postea
457 845 572 930 aliquid
595 850 655 908 erit
676 845 866 910 addendum.
910 849 1051 910 Acestes
1074 848 1124 923 V,
1145 845 1195 908 37.
1218 854 1370 913 vocatur:

209 961 371 1024 Horridus
392 963 426 1018 iu
448 959 564 1018 iaculis
592 962 625 1016 et
641 956 727 1033 pelle
747 956 924 1036 Libystidis
946 976 1052 1017 ursae.

129 1075 179 1136 lta
196 1071 351 1135 Romulus
373 1071 407 1150 1,
429 1067 500 1131 275.
525 1074 576 1129 est

377 1177 517 1255 Lupoe
534 1171 625 1256 fulvo
647 1178 783 1235 nutricis
804 1178 980 1252 tepmiae
1000 1173 1114 1239 iaetus.

127 1285 275 1366 Denique
296 1283 360 1364 xl,
381 1281 458 1343 675:

587 1385 710 1447 Procul
730 1385 873 1465 Ornytos
896 1389 996 1447 armis

151 1586 156 1595 ‚
210 1502 335 1576 Ipuotie
357 1504 390 1558 et
409 1515 487 1575 equo
509 1501 682 1555 venator
702 1494 824 1573 Iapppe
841 1498 961 1578 fertur,

214 1609 276 1671 cut
293 1604 416 1684 pellis
437 1603 520 1663 lotos
542 1621 668 1662 ramerus
690 1608 799 1680 erepta
819 1605 993 1663 iuuenco

213 1719 394 1793 Pupuotori
414 1717 525 1792 operit,
548 1720 646 1796 caput
664 1716 779 1789 iapeur
800 1717 883 1774 orie
906 1714 1051 1774 biotae

211 1824 246 1885 E
252 1830 266 1884 t
292 1824 422 1884 molae
446 1831 556 1884 temere
578 1821 668 1900 lupi
687 1842 759 1882 euru
784 1821 931 1882 dentibus
952 1821 1043 1882 albis.

130 1931 234 2012 Quem
255 1929 284 1991 si
304 1931 357 1994 tibi
380 1931 597 2012 proposueris,
620 1928 693 2009 pelli
713 1929 838 1988 iuvenci
860 1927 986 2010 lupique
1004 1926 1146 1992 indutum
1168 1928 1277 1992 miram
1293 1947 1371 1994 saue

128 2041 187 2102 seri
229 2036 393 2100 venatoris
425 2036 591 2117 imaginem
619 2035 723 2096 animo
755 2035 925 2114 concipies
983 2034 1134 2099 Ceterum
1163 2037 1193 2098 iu
1221 2038 1375 2118 lapidibus

129 2145 226 2208 etiam
259 2142 343 2204 obvii
381 2138 537 2203 interdum
571 2142 684 2202 milites
706 2141 840 2221 pellibus
874 2142 991 2223 ornati,
1023 2160 1054 2203 v.
1087 2163 1120 2226 g.
1150 2144 1181 2204 in
1214 2145 1376 2209 Bouuensi

132 2251 206 2312 PIN
211 2249 358 2312 uA1vs.
370 2248 574 2312 PllDlLlCl.
595 2250 631 2311 F.
648 2249 811 2313 AS'l'VR.
824 2248 1236 2314 TRANSMONTANVS
1257 2252 1287 2312 in
1299 2253 1376 2313 libro

132 2377 203 2421 meo
223 2357 435 2420 Centralmus
456 2356 564 2418 rheinl.
586 2355 775 2418 luschriften
797 2358 838 2433 ll,
858 2357 907 2417 42.
930 2356 1075 2437 depictus
1097 2367 1159 2437 est,
1187 2365 1293 2420 statua
1314 2359 1377 2421 alia

133 2465 288 2528 Coloniae
316 2471 427 2545 eruta,
466 2463 556 2524 cuius
590 2460 728 2543 effigiem
761 2461 792 2522 iu
823 2460 985 2523 anualrbus
1016 2463 1180 2525 societatis
1200 2463 1375 2528 Rhenanae

135 2569 332 2651 antiquitatis
353 2573 523 2633 amicorum
545 2569 619 2632 Vol.
641 2570 712 2630 llll.
736 2568 986 2630 communicabo.
1015 2569 1166 2631 Attamen
1189 2590 1376 2635 monumen-

130 2692 196 2745 tum
217 2679 292 2741 illud
314 2680 362 2739 ΙΝ
383 2675 643 2739 muuoamu.
663 2673 809 2737 DRVSI.
822 2672 1090 2737 GuttuAnuct
1106 2676 1189 2756 apud
1200 2677 1373 2740 Fuchsium

131 2789 252 2850 llistor.
274 2788 417 2869 Magout.
440 2784 513 2847 Vol.
537 2785 560 2844 l.
581 2804 611 2865 p.
632 2782 684 2844 70.
709 2781 900 2845 delineatum
929 2784 1098 2864 genuinum
1121 2804 1183 2846 noo
1215 2803 1290 2848 esse
1317 2805 1374 2847 ar-

132 2896 240 2958 bitror.
282 2897 318 2959 ln
347 2896 493 2958 columna
523 2893 660 2956 'l'raiana
688 2889 833 2973 signiferi
861 2908 972 2951 omnes
1005 2890 1137 2971 pellibus
1167 2903 1241 2957 suut
1271 2895 1376 2976 capuita

134 3003 244 3067 induti.
286 3001 511 3065 Memoraudus
534 3002 628 3063 etiam
651 3001 792 3063 Simulus
815 3001 879 3081 illc,
901 3000 955 3081 qui
978 3003 1091 3062 lloret.
1111 3000 1168 3067 al:

216 3112 357 3174 laomim
375 3114 440 3192 pido
461 3112 557 3190 beot,
577 3117 720 3187 pemiuoe
741 3116 808 3170 taut
829 3116 914 3169 uerte
933 3109 1071 3168 lacertos

216 3220 356 3293 Liberat,
380 3226 419 3294 et,
443 3222 569 3279 cinctos
590 3217 720 3279 villosae
744 3219 880 3292 tepruiue
901 3221 1018 3293 caprae
1039 3257 1172 3276 .....

702 3468 735 3558 c.
756 3472 809 3536 aa.

134 3632 194 3687 lle
211 3629 322 3686 birris
339 3626 573 3694 hastilibus,
590 3625 701 3695 plns,
719 3626 961 3696 misellum,
980 3629 1153 3699 spiculis
1171 3646 1220 3688 ae
1240 3636 1377 3702 caesis

580 3717 713 3786 «leque
731 3718 924 3788 septenis.

110 3934 115 3942 .
217 3889 323 3970 Quum
352 3891 385 3951 in
413 3886 612 3951 Graecorum
640 3891 732 3949 vasis
753 3889 848 3969 pictis
870 3890 985 3953 totiens
1008 3893 1244 3975 conspiciantur
1262 3896 1377 3960 heroes

134 3999 217 4062 binis
245 3988 404 4070 ἀκοντίοις
430 3997 560 4078 armati,
593 3998 750 4076 suspicari
780 4002 851 4078 quis
882 4003 1000 4080 possit,
1032 4009 1159 4081 poetam
1188 4002 1377 4082 Romanum,

136 4112 284 4190 quotiens
306 4108 387 4170 binis
406 4105 573 4170 hastilibus
601 4106 655 4167 vel
684 4105 814 4185 spiculis
842 4107 971 4170 militem
1000 4109 1187 4191 armaverit,
1217 4107 1376 4174 Graecum

134 4235 255 4278 morem
277 4214 476 4297 respexisse,
511 4211 698 4293 praesertim
715 4211 742 4272 si
763 4211 846 4292 apud
868 4232 976 4276 eorum
1000 4233 1124 4297 quoque
1143 4229 1255 4298 poetas
1274 4218 1376 4280 bella-

135 4333 224 4386 tores
245 4313 395 4399 αἰχμαῖσι
420 4305 605 4398 διδύμαισιν
632 4319 764 4380 venisse
790 4318 914 4382 audias.
966 4322 1088 4385 Verum
1118 4325 1264 4387 cautione
1294 4342 1375 4404 opus

136 4438 198 4494 cst.
239 4428 320 4491 lllud
339 4428 486 4510 profecto
507 4427 740 4490 meminerimus
769 4429 872 4509 patria
893 4447 1018 4510 semper
1047 4433 1191 4494 instituta
1225 4432 1376 4494 maiorem

135 4535 169 4598 in
191 4543 306 4616 poetae
325 4532 463 4595 animum
478 4533 543 4593 vim
561 4548 725 4613 exercere,
749 4551 842 4614 quam
865 4554 935 4616 eas,
954 4553 1034 4617 quas
1049 4536 1185 4599 lectione
1201 4538 1272 4601 sola
1287 4550 1373 4601 ortas

137 4641 230 4726 quasi
252 4639 407 4723 quasdam
427 4639 584 4721 imagines
606 4639 777 4704 nebulosas
799 4660 817 4705 e
843 4645 934 4725 poesi
965 4654 1098 4708 externa
1126 4644 1261 4710 hauriat.
1309 4648 1375 4711 Επ-

138 4767 226 4837 gono
247 4749 289 4812 ad
309 4746 456 4815 Graecos
474 4745 652 4812 referamus
671 4748 699 4832 l,
719 4747 798 4813 ata:
