3022 5234
472 246 525 309 De
561 249 734 331 muribus
765 252 955 351 anti-quis.
1266 258 1330 320 219

96 424 214 505 Sperat
236 432 346 505 poeta,
385 427 455 490 lore
476 436 511 493 ut
532 431 702 513 aliquando
721 432 754 493 in
774 440 890 498 terram
911 433 1031 504 redeat
1072 435 1197 500 Cecinit
1218 442 1282 502 iam
1301 442 1333 504 in

95 531 348 616 uatog.1u,·o:
376 594 379 599 ,
405 545 429 550 ”

100 684 108 696 .
178 643 353 707 [amaedeo
370 651 403 705 et
426 645 458 704 V
458 649 562 721 irqo,
583 648 720 708 redeunt
739 647 896 711 Saturmo
914 668 1018 726 repca

95 747 260 831 Virginem
284 750 454 811 Astraeam
475 761 568 830 putat
591 751 624 813 in
649 753 790 836 Augusti
810 756 986 836 principatu
1008 756 1089 819 Aen.
1109 756 1138 840 -1,
1160 755 1237 819 292:

178 857 268 919 Goon
288 857 410 919 Fides
431 866 463 919 et
487 861 592 934 Vesta,
618 862 713 922 Remo
736 864 926 942 cumfratre
947 861 1105 936 Quirinus

178 968 262 1028 Iura
283 969 410 1053 dedunt.

95 1074 245 1157 Attamen
278 1077 340 1136 alia
368 1085 417 1137 est
444 1076 607 1156 quaestio,
645 1087 751 1141 utrum
787 1091 901 1163 poeta,
942 1101 1035 1165 quarn
1063 1083 1095 1145 in
1122 1082 1192 1163 ipso
1221 1081 1335 1145 Aenea

94 1184 278 1266 praedicare
300 1187 415 1267 voluit,
440 1180 591 1248 iustitiam
612 1207 726 1250 revera
746 1190 1012 1268 itaservaverit,
1048 1200 1081 1254 ut
1103 1210 1213 1271 omnes
1234 1192 1334 1272 ipsius

94 1293 238 1354 actiones
265 1292 306 1355 ad
335 1294 417 1355 hanc
455 1296 545 1376 quasi
573 1289 736 1356 obrussam
768 1297 968 1360 examinatae
997 1298 1091 1362 fidem
1110 1302 1332 1380 ,incorruptam

93 1418 207 1461 revera
228 1401 369 1481 prodant
413 1402 525 1485 Patet,
555 1403 729 1466 Aeneam
719 1424 751 1465 nr
774 1405 858 1466 omni
881 1410 947 1468 vita
968 1407 1038 1468 ab
1030 1428 1100 1490 rpso
1132 1417 1166 1469 ut
1197 1407 1334 1488 Augusti

95 1508 257 1587 exemplar
279 1501 464 1568 adumbrari.
508 1507 612 1570 Sed
604 1528 635 1568 m
661 1507 712 1569 bis
733 1509 875 1572 laudibus
898 1519 993 1592 poeta
1015 1531 1207 1594 magnopere
1226 1512 1336 1593 lapsus

94 1622 154 1703 est
198 1615 290 1693 Quae
312 1617 394 1677 enim
416 1616 541 1678 fabulae
563 1616 630 1679 ab
614 1635 685 1698 ipso
701 1600 924 1698 exprimendae
939 1621 1168 1701 perhibuerunt,
1191 1636 1336 1700 quaeque

94 1723 271 1804 exprimere
293 1724 362 1803 ipsc
384 1727 497 1806 voluit,
521 1746 560 1788 ea
581 1727 641 1788 sibi
663 1722 818 1789 contrarie
841 1740 930 1790 erant
950 1722 1103 1811 opposita
1146 1724 1237 1805 Quae
1252 1725 1339 1789 enim

93 1830 156 1891 ista
178 1841 228 1893 est
248 1822 378 1912 iustitia,
407 1833 491 1915 quod
514 1837 642 1897 Aeneas
665 1856 795 1897 uxorem
819 1835 974 1899 Creusam
997 1836 1150 1918 relinquit,
1172 1836 1335 1916 voluptate

95 1937 239 2024 delinitus
259 1939 429 2016 Didonem,
470 1961 551 2023 quae
579 1943 721 2005 omnibus
753 1963 824 2005 eum
848 1943 956 2021 donis,
982 1944 1153 2006 bonoribus
1181 1942 1333 2022 cumulat,

92 2054 267 2130 stupratur,
290 2047 403 2111 debinc
424 2048 542 2111 deserit
563 2051 723 2113 Mercurio
746 2053 969 2134 compellante,
994 2051 1077 2134 quod
1102 2052 1210 2112 'l'urno
1235 2069 1334 2130 spon-

94 2152 164 2216 sam
187 2156 288 2238 eripit,
311 2155 425 2217 deinde
448 2157 666 2223 eumoccidit!
690 2158 991 2222 At-baecomnia
1007 2152 1137 2222 deorum
1159 2162 1334 2237 voluntate,

92 2263 159 2325 fato
180 2283 253 2325 eum
275 2265 396 2325 ltaliam
420 2266 627 2346 compellente
650 2273 857 2342 excusantur,
887 2269 979 2329 cuius
1002 2268 1206 2332 observantia
1227 2271 1334 2350 pieta-

73 2379 157 2433 ·tem
183 2375 313 2433 Aeneae
336 2369 443 2436 eflicit.

175 2482 215 2541 li.
258 2481 383 2542 Prsras
405 2499 530 2562 quoque
549 2499 569 2542 a
591 2481 726 2543 Marone
748 2481 985 2543 commendatur
1007 2480 1066 2552 Vl,
1085 2483 1169 2551 ‚6202

95 2668 98 2675 1
175 2592 299 2652 Discite
319 2595 472 2653 iustitiam
491 2595 604 2653 moniti
624 2598 656 2652 at
675 2610 749 2652 noo
770 2598 947 2652 teruncra
967 2595 1085 2653 divos.

92 2725 268 2786 innumeris
290 2723 368 2787 locis
388 2726 518 2786 Aeneas
540 2725 579 2786 ob
602 2743 672 2785 eam
685 2743 818 2809 qnoque
840 2725 918 2786 miro
936 2723 1029 2786 modo
1045 2724 1232 2807 celebr-atur,
1256 2743 1336 2808 quos

93 2836 271 2909 enumerari
306 2850 579 2914 supervacaneum
615 2842 674 2895 est
725 2837 801 2913 lpse
829 2851 867 2894 se
898 2835 1028 2894 Aeneas
1062 2835 1147 2915 pium
1185 2838 1335 2918 nominat,

92 2939 228 3002 eandem
248 2941 484 3021 poeta.pietate
505 2941 669 3023 insignem.
714 2941 835 3003 Verum
858 2941 885 3002 si
907 2941 957 3004 bic
978 2959 1120 3023 quoque,
1153 2961 1236 3023 quae
1267 2949 1336 3009 eius

93 3053 191 3119 faerit
215 3054 336 3134 pietas,
364 3072 570 3135 quaeramus,
602 3054 685 3115 inest
712 3053 815 3112 arrimo
845 3050 951 3111 herois
976 3053 1156 3112 reverentia
1178 3054 1332 3131 quaedam

93 3163 187 3222 nimia
207 3161 344 3222 fortasse
373 3146 451 3244 erga
482 3180 606 3223 ornrrem
628 3159 755 3221 divinae
777 3158 953 3219 voluntatis
974 3156 1094 3217 tactam
1115 3157 1177 3219 sibi
1199 3165 1335 3224 mentio-

91 3289 179 3350 nem3
202 3270 344 3350 prodigia
365 3269 481 3349 omnia,
503 3269 625 3329 samnia
645 3283 855 3348 quaecunque
875 3273 1031 3335 sectatur,
1055 3262 1134 3324 deos
1147 3278 1336 3346 apparentes

93 3379 195 3458 audit3
219 3378 378 3439 sacrificia
398 3396 469 3439 cum
493 3378 654 3439 anxietate
677 3386 827 3455 metuque
849 3374 1027 3454 ubicunque
1049 3374 1191 3455 peragit,
1226 3376 1338 3457 quibus

94 3486 287 3569 peragendis
310 3496 343 3548 et
360 3484 509 3547 docendis
523 3485 618 3546 etiam
634 3485 798 3546 Romanae
810 3482 1048 3563 superstitionis
1060 3483 1216 3546 maximus
1227 3498 1337 3547 auctor

94 3591 337 3672 ascriptoribus
367 3589 604 3651 describebatur
628 3598 660 3651 et
682 3607 701 3651 a
724 3596 821 3669 poeta
842 3587 1039 3649 describitur.
1082 3588 1119 3649 ln
1138 3588 1188 3650 bis
1211 3609 1336 3674 quoque

94 3703 285 3783 Augustus,
308 3700 368 3759 nisi
389 3699 491 3779 fallor,
515 3698 616 3759 animo
639 3699 783 3759 Maronis
806 3697 998 3758 obversatus
1020 3701 1087 3771 est,
1108 3695 1160 3778 qui
1183 3696 1336 3776 (Sueten.

92 3809 160 3882 75.)
183 3809 305 3870 alestos
327 3815 360 3868 et
379 3808 550 3869 sollemnes
570 3805 638 3867 dies
655 3805 884 3886 profusissime,
908 3819 1130 3882 nonnunquam
1151 3804 1335 3870 ioculariter

92 3902 225 3995 tautum,
247 3904 459 3992 celebrabam<
483 3916 533 3995 qui
556 3917 709 3990 (Sueten.
730 3913 798 3985 92.)
822 3910 984 3990 „auspicia
1006 3910 1162 3990 quaedam
1185 3923 1218 3976 et
1233 3916 1337 3979 omina

92 4046 150 4107 pro
184 4027 368 4087 certissimis
391 4024 613 4086 observabat«
659 4019 802 4100 Denique
829 4021 959 4081 Aeneas
989 4017 1162 4083 Anchisem
1195 4041 1213 4083 e
1241 4023 1336 4087 Troia

93 4134 232 4194 humeris
264 4139 411 4210 exportat
421 4132 437 4206 ,“
463 4128 667 4211 quuduobis
689 4129 787 4188 risum
808 4133 950 4207 petrus,¹
971 4141 1066 4204 qnam
1093 4127 1335 4194 admirationem

94 4252 220 4317 movet3
242 4242 298 4302 sed
321 4242 435 4302 sabulis
455 4241 611 4303 Romanis
628 4238 793 4318 numisque
815 4244 884 4297 erat
906 4236 1072 4298 sancitum.
1114 4233 1216 4295 Deest
1231 4234 1262 4295 in
1274 4234 1337 4296 hac

94 4352 213 4431 pietate
246 4350 565 4411 amalasuentam·
590 4366 696 4418 rerum
711 4355 888 4428 'gestarum
903 4343 1099 4426 appetentia
1119 4352 1161 4405 a'c
1177 4343 1337 4406 voluntas.

95 4459 305 4521 Clementiam
335 4476 461 4539 quoque
488 4466 520 4520 et
551 4458 767 4519 liberalitatem
799 4464 896 4537 poeta
923 4452 1143 4517 delineandam
1171 4450 1231 4519 sibi
1257 4469 1337 4531 proe-

94 4569 201 4647 posuit
222 4567 333 4648 partim
355 4564 453 4631 ludis
459 4544 626 4649 Siciliensis
642 4563 883 4646 instruendis,
901 4563 1020 4644 partim
1044 4577 1133 4642 pace
1153 4557 1226 4621 olim
1257 4575 1338 4620 con-

87 4673 252 4751 cadenda3
283 4672 348 4747 sed
365 4694 404 4737 oa
415 4689 548 4756 quaque
567 4674 707 4739 animum
730 4673 858 4737 lactoris
881 4691 943 4749 uon
965 4690 1024 4808 eo,
1029 4687 1100 4750 quo
1122 4668 1237 4738 volarit,
1272 4664 1336 4729 ad

94 4785 179 4845 lectu
202 4792 343 4864 tangunt
815 4802 819 4807 ·
