<?xml version="1.0" encoding="UTF-8"?>
<!DOCTYPE html PUBLIC "-//W3C//DTD XHTML 1.0 Transitional//EN"
    "http://www.w3.org/TR/xhtml1/DTD/xhtml1-transitional.dtd">
<html xmlns="http://www.w3.org/1999/xhtml" xml:lang="en" lang="en">
 <head>
  <title>
</title>
<meta http-equiv="Content-Type" content="text/html;charset=utf-8" />
  <meta name='ocr-system' content='tesseract 3.04.00' />
  <meta name='ocr-capabilities' content='ocr_page ocr_carea ocr_par ocr_line ocrx_word'/>
</head>
<body>
  <div class='ocr_page' id='page_1' title='image "./antiquitatesver00lersgoog_0234.png"; bbox 0 0 3022 5234; ppageno 0'>
   <div class='ocr_carea' id='block_1_1' title="bbox 541 229 1372 298">
    <p class='ocr_par' dir='ltr' id='par_1_1' title="bbox 541 229 1372 298">
     <span class='ocr_line' id='line_1_1' title="bbox 541 229 1372 298; baseline 0 -6"><span class='ocrx_word' id='word_1_1' title='bbox 541 232 598 292; x_wconf 89' lang='lat' dir='ltr'><strong>De</strong></span> <span class='ocrx_word' id='word_1_2' title='bbox 618 229 882 293; x_wconf 79' lang='lat' dir='ltr'><strong>divinatione.</strong></span> <span class='ocrx_word' id='word_1_3' title='bbox 1308 234 1372 298; x_wconf 72' lang='lat'><strong>207</strong></span> 
     </span>
    </p>
   </div>
   <div class='ocr_carea' id='block_1_2' title="bbox 118 413 1373 819">
    <p class='ocr_par' dir='ltr' id='par_1_2' title="bbox 118 413 1373 819">
     <span class='ocr_line' id='line_1_2' title="bbox 338 413 1120 490; baseline 0.003 -16"><span class='ocrx_word' id='word_1_4' title='bbox 338 413 435 475; x_wconf 82' lang='lat' dir='ltr'><strong>Lenis</strong></span> <span class='ocrx_word' id='word_1_5' title='bbox 456 415 606 475; x_wconf 73' lang='lat' dir='ltr'><strong>aethereis</strong></span> <span class='ocrx_word' id='word_1_6' title='bbox 627 413 780 490; x_wconf 81' lang='lat' dir='ltr'><strong>delapsus</strong></span> <span class='ocrx_word' id='word_1_7' title='bbox 792 413 932 476; x_wconf 79' lang='lat' dir='ltr'><strong>Somnus</strong></span> <span class='ocrx_word' id='word_1_8' title='bbox 954 415 992 473; x_wconf 85' lang='lat' dir='ltr'><strong>ab</strong></span> <span class='ocrx_word' id='word_1_9' title='bbox 1013 419 1120 476; x_wconf 81' lang='lat' dir='ltr'><strong>ostris.</strong></span> 
     </span>
     <span class='ocr_line' id='line_1_3' title="bbox 127 520 1373 606; baseline 0.003 -23"><span class='ocrx_word' id='word_1_10' title='bbox 127 520 311 585; x_wconf 82' lang='lat' dir='ltr'><strong>Palinurum</strong></span> <span class='ocrx_word' id='word_1_11' title='bbox 335 525 424 604; x_wconf 84' lang='lat' dir='ltr'><strong>petit,</strong></span> <span class='ocrx_word' id='word_1_12' title='bbox 447 543 543 604; x_wconf 91' lang='lat' dir='ltr'><strong>super</strong></span> <span class='ocrx_word' id='word_1_13' title='bbox 564 525 632 586; x_wconf 89' lang='lat' dir='ltr'><strong>eins</strong></span> <span class='ocrx_word' id='word_1_14' title='bbox 654 533 796 604; x_wconf 88' lang='lat' dir='ltr'><strong>tempora</strong></span> <span class='ocrx_word' id='word_1_15' title='bbox 815 542 936 585; x_wconf 89' lang='lat' dir='ltr'><strong>ramum</strong></span> <span class='ocrx_word' id='word_1_16' title='bbox 956 536 1159 604; x_wconf 75' lang='lat' dir='ltr'><strong>soporantem</strong></span> <span class='ocrx_word' id='word_1_17' title='bbox 1177 525 1247 590; x_wconf 77' lang='lat'><strong>855.</strong></span> <span class='ocrx_word' id='word_1_18' title='bbox 1270 543 1373 606; x_wconf 89' lang='lat' dir='ltr'><strong>quas·</strong></span> 
     </span>
     <span class='ocr_line' id='line_1_4' title="bbox 118 624 1371 717; baseline 0.004 -25"><span class='ocrx_word' id='word_1_19' title='bbox 118 648 216 702; x_wconf 85' lang='lat' dir='ltr'><strong>sans.</strong></span> <span class='ocrx_word' id='word_1_20' title='bbox 260 632 375 712; x_wconf 84' lang='lat' dir='ltr'><strong>Neque</strong></span> <span class='ocrx_word' id='word_1_21' title='bbox 398 631 456 692; x_wconf 91' lang='lat' dir='ltr'><strong>sibi</strong></span> <span class='ocrx_word' id='word_1_22' title='bbox 477 640 613 715; x_wconf 80' lang='lat' dir='ltr'><strong>constat,</strong></span> <span class='ocrx_word' id='word_1_23' title='bbox 637 650 731 713; x_wconf 90' lang='lat' dir='ltr'><strong>quum</strong></span> <span class='ocrx_word' id='word_1_24' title='bbox 753 632 812 702; x_wconf 84' lang='lat' dir='ltr'><strong>Vl,</strong></span> <span class='ocrx_word' id='word_1_25' title='bbox 836 631 909 693; x_wconf 78' lang='lat'><strong>390.</strong></span> <span class='ocrx_word' id='word_1_26' title='bbox 931 629 972 692; x_wconf 91' lang='lat' dir='ltr'><strong>ad</strong></span> <span class='ocrx_word' id='word_1_27' title='bbox 993 631 1113 694; x_wconf 87' lang='lat' dir='ltr'><strong>inferos</strong></span> <span class='ocrx_word' id='word_1_28' title='bbox 1135 624 1208 692; x_wconf 81' lang='lat' dir='ltr'><strong>eum</strong></span> <span class='ocrx_word' id='word_1_29' title='bbox 1230 635 1371 717; x_wconf 87' lang='lat' dir='ltr'><strong>releget:</strong></span> 
     </span>
     <span class='ocr_line' id='line_1_5' title="bbox 218 739 1164 819; baseline -0.002 -17"><span class='ocrx_word' id='word_1_30' title='bbox 218 741 410 802; x_wconf 81' lang='lat' dir='ltr'><strong>Umbrorum</strong></span> <span class='ocrx_word' id='word_1_31' title='bbox 432 741 485 799; x_wconf 81' lang='lat' dir='ltr'><strong>bic</strong></span> <span class='ocrx_word' id='word_1_32' title='bbox 507 741 596 801; x_wconf 82' lang='lat' dir='ltr'><strong>locus</strong></span> <span class='ocrx_word' id='word_1_33' title='bbox 617 746 676 817; x_wconf 84' lang='lat' dir='ltr'><strong>eet,</strong></span> <span class='ocrx_word' id='word_1_34' title='bbox 697 739 809 807; x_wconf 78' lang='lat' dir='ltr'><strong>Somni</strong></span> <span class='ocrx_word' id='word_1_35' title='bbox 828 741 1003 819; x_wconf 71' lang='lat' dir='ltr'><strong>Noctisque</strong></span> <span class='ocrx_word' id='word_1_36' title='bbox 1023 761 1164 818; x_wconf 85' lang='lat' dir='ltr'><strong>soporae.</strong></span> 
     </span>
    </p>
   </div>
   <div class='ocr_carea' id='block_1_3' title="bbox 130 872 1375 1473">
    <p class='ocr_par' dir='ltr' id='par_1_3' title="bbox 130 872 1375 1473">
     <span class='ocr_line' id='line_1_6' title="bbox 130 872 1374 953; baseline 0.002 -18"><span class='ocrx_word' id='word_1_37' title='bbox 130 873 183 953; x_wconf 88' lang='lat' dir='ltr'><strong>qui</strong></span> <span class='ocrx_word' id='word_1_38' title='bbox 204 872 297 934; x_wconf 86' lang='lat' dir='ltr'><strong>ruodo</strong></span> <span class='ocrx_word' id='word_1_39' title='bbox 320 874 359 935; x_wconf 92' lang='lat' dir='ltr'><strong>ab</strong></span> <span class='ocrx_word' id='word_1_40' title='bbox 382 873 511 935; x_wconf 89' lang='lat' dir='ltr'><strong>aethere</strong></span> <span class='ocrx_word' id='word_1_41' title='bbox 534 872 684 953; x_wconf 90' lang='lat' dir='ltr'><strong>delapsus</strong></span> <span class='ocrx_word' id='word_1_42' title='bbox 698 881 776 935; x_wconf 88' lang='lat' dir='ltr'><strong>erat.</strong></span> <span class='ocrx_word' id='word_1_43' title='bbox 817 874 935 952; x_wconf 88' lang='lat' dir='ltr'><strong>Neque</strong></span> <span class='ocrx_word' id='word_1_44' title='bbox 950 873 1115 946; x_wconf 80' lang='lat' dir='ltr'><strong>intellexit,</strong></span> <span class='ocrx_word' id='word_1_45' title='bbox 1138 879 1172 933; x_wconf 89' lang='lat' dir='ltr'><strong>ut</strong></span> <span class='ocrx_word' id='word_1_46' title='bbox 1192 890 1302 936; x_wconf 91' lang='lat' dir='ltr'><strong>verum</strong></span> <span class='ocrx_word' id='word_1_47' title='bbox 1320 874 1374 936; x_wconf 82' lang='lat' dir='ltr'><strong>ia·</strong></span> 
     </span>
     <span class='ocr_line' id='line_1_7' title="bbox 130 979 1375 1064; baseline 0 -22"><span class='ocrx_word' id='word_1_48' title='bbox 130 991 269 1054; x_wconf 89' lang='lat' dir='ltr'><strong>teamur,</strong></span> <span class='ocrx_word' id='word_1_49' title='bbox 291 979 534 1062; x_wconf 80' lang='lat' dir='ltr'><strong>etymologicam</strong></span> <span class='ocrx_word' id='word_1_50' title='bbox 556 980 639 1042; x_wconf 92' lang='lat' dir='ltr'><strong>illam</strong></span> <span class='ocrx_word' id='word_1_51' title='bbox 661 979 744 1060; x_wconf 92' lang='lat' dir='ltr'><strong>apud</strong></span> <span class='ocrx_word' id='word_1_52' title='bbox 776 981 947 1042; x_wconf 83' lang='lat' dir='ltr'><strong>Homerum</strong></span> <span class='ocrx_word' id='word_1_53' title='bbox 976 988 1135 1061; x_wconf 90' lang='lat' dir='ltr'><strong>portarum</strong></span> <span class='ocrx_word' id='word_1_54' title='bbox 1165 982 1230 1042; x_wconf 87' lang='lat' dir='ltr'><strong>vim</strong></span> <span class='ocrx_word' id='word_1_55' title='bbox 1254 980 1375 1064; x_wconf 87' lang='lat' dir='ltr'><strong>Odyss.</strong></span> 
     </span>
     <span class='ocr_line' id='line_1_8' title="bbox 132 1074 1375 1171; baseline 0.001 -20"><span class='ocrx_word' id='word_1_56' title='bbox 132 1090 226 1169; x_wconf 86' lang='lat' dir='ltr'><strong>xix,</strong></span> <span class='ocrx_word' id='word_1_57' title='bbox 249 1087 423 1150; x_wconf 68' lang='lat' dir='ltr'><strong>oon-567.</strong></span> <span class='ocrx_word' id='word_1_58' title='bbox 445 1079 493 1146; x_wconf 79' lang='lat' dir='ltr'><strong>At</strong></span> <span class='ocrx_word' id='word_1_59' title='bbox 514 1081 573 1166; x_wconf 81' lang='grc' dir='ltr'><strong>μὲν</strong></span> <span class='ocrx_word' id='word_1_60' title='bbox 594 1076 655 1171; x_wconf 78' lang='lat' dir='ltr'><strong>yoip</strong></span> <span class='ocrx_word' id='word_1_61' title='bbox 679 1074 812 1165; x_wconf 78' lang='grc' dir='ltr'><em>[πύλαι]</em></span> <span class='ocrx_word' id='word_1_62' title='bbox 836 1074 1035 1171; x_wconf 75' lang='grc' dir='ltr'><em>κεράεσσι</em></span> <span class='ocrx_word' id='word_1_63' title='bbox 1055 1074 1247 1164; x_wconf 78' lang='grc' dir='ltr'><em>τετεύχαται</em></span> <span class='ocrx_word' id='word_1_64' title='bbox 1268 1109 1375 1152; x_wconf 90' lang='lat' dir='ltr'><strong>eorum</strong></span> 
     </span>
     <span class='ocr_line' id='line_1_9' title="bbox 131 1183 1374 1279; baseline -0.002 -20"><span class='ocrx_word' id='word_1_65' title='bbox 131 1183 348 1277; x_wconf 64' lang='lat' dir='ltr'><strong>scilicet,o‘ib’</strong></span> <span class='ocrx_word' id='word_1_66' title='bbox 371 1186 473 1272; x_wconf 74' lang='grc' dir='ltr'><em>ἔτυμα</em></span> <span class='ocrx_word' id='word_1_67' title='bbox 493 1189 720 1277; x_wconf 79' lang='grc' dir='ltr'><em>κραίνουσι,</em></span> <span class='ocrx_word' id='word_1_68' title='bbox 740 1188 776 1255; x_wconf 82' lang='grc' dir='ltr'><strong>αἱ</strong></span> <span class='ocrx_word' id='word_1_69' title='bbox 796 1191 826 1253; x_wconf 80' lang='lat' dir='ltr'><strong>d&#39;</strong></span> <span class='ocrx_word' id='word_1_70' title='bbox 847 1188 1043 1276; x_wconf 79' lang='grc' dir='ltr'><em>ἐλέφαντι</em></span> <span class='ocrx_word' id='word_1_71' title='bbox 1060 1216 1178 1279; x_wconf 89' lang='lat' dir='ltr'><strong>eorum,</strong></span> <span class='ocrx_word' id='word_1_72' title='bbox 1194 1185 1227 1257; x_wconf 76' lang='grc' dir='ltr'><strong>οἳ</strong></span> <span class='ocrx_word' id='word_1_73' title='bbox 1248 1188 1374 1278; x_wconf 74' lang='grc' dir='ltr'><strong><em>ῥ’ἐλε-</em></strong></span> 
     </span>
     <span class='ocr_line' id='line_1_10' title="bbox 132 1298 1375 1389; baseline 0.001 -24"><span class='ocrx_word' id='word_1_74' title='bbox 132 1298 364 1389; x_wconf 65' lang='lat' dir='ltr'><strong>acciperent.</strong></span> <span class='ocrx_word' id='word_1_75' title='bbox 387 1300 552 1379; x_wconf 81' lang='lat' dir='ltr'><strong>Quaevis</strong></span> <span class='ocrx_word' id='word_1_76' title='bbox 576 1299 700 1360; x_wconf 91' lang='lat' dir='ltr'><strong>omnino</strong></span> <span class='ocrx_word' id='word_1_77' title='bbox 725 1305 855 1363; x_wconf 86' lang='lat' dir='ltr'><strong>evanuit</strong></span> <span class='ocrx_word' id='word_1_78' title='bbox 877 1299 961 1382; x_wconf 88' lang='lat' dir='ltr'><strong>apud</strong></span> <span class='ocrx_word' id='word_1_79' title='bbox 983 1302 1152 1365; x_wconf 88' lang='lat' dir='ltr'><strong>Maronem</strong></span> <span class='ocrx_word' id='word_1_80' title='bbox 1173 1306 1204 1366; x_wconf 94' lang='lat' dir='ltr'><strong>in</strong></span> <span class='ocrx_word' id='word_1_81' title='bbox 1226 1304 1375 1366; x_wconf 77' lang='lat' dir='ltr'><strong>Latinum</strong></span> 
     </span>
     <span class='ocr_line' id='line_1_11' title="bbox 135 1411 634 1473; baseline 0.002 -1"><span class='ocrx_word' id='word_1_82' title='bbox 135 1430 315 1473; x_wconf 89' lang='lat' dir='ltr'><strong>sermonem</strong></span> <span class='ocrx_word' id='word_1_83' title='bbox 338 1411 418 1473; x_wconf 89' lang='lat' dir='ltr'><strong>haec</strong></span> <span class='ocrx_word' id='word_1_84' title='bbox 442 1418 634 1473; x_wconf 78' lang='lat' dir='ltr'><strong>vertentem:</strong></span> 
     </span>
    </p>
   </div>
   <div class='ocr_carea' id='block_1_4' title="bbox 221 1544 1149 1950">
    <p class='ocr_par' dir='ltr' id='par_1_4' title="bbox 221 1544 1149 1839">
     <span class='ocr_line' id='line_1_12' title="bbox 221 1544 1149 1623; baseline -0.004 -16"><span class='ocrx_word' id='word_1_85' title='bbox 221 1545 308 1607; x_wconf 81' lang='lat' dir='ltr'><strong>Sunt</strong></span> <span class='ocrx_word' id='word_1_86' title='bbox 324 1549 469 1621; x_wconf 73' lang='lat' dir='ltr'><strong>peremne</strong></span> <span class='ocrx_word' id='word_1_87' title='bbox 491 1544 604 1608; x_wconf 77' lang='lat' dir='ltr'><strong>Somni</strong></span> <span class='ocrx_word' id='word_1_88' title='bbox 618 1550 740 1622; x_wconf 85' lang='lat' dir='ltr'><strong>portae,</strong></span> <span class='ocrx_word' id='word_1_89' title='bbox 763 1562 897 1623; x_wconf 75' lang='lat' dir='ltr'><strong>quornm</strong></span> <span class='ocrx_word' id='word_1_90' title='bbox 920 1544 1022 1604; x_wconf 83' lang='lat' dir='ltr'><strong>altero</strong></span> <span class='ocrx_word' id='word_1_91' title='bbox 1040 1546 1149 1622; x_wconf 83' lang='lat' dir='ltr'><strong>fertur</strong></span> 
     </span>
     <span class='ocr_line' id='line_1_13' title="bbox 222 1642 1117 1730; baseline -0.007 -15"><span class='ocrx_word' id='word_1_92' title='bbox 222 1653 395 1727; x_wconf 76' lang='lat' dir='ltr'><strong>Cornea,</strong></span> <span class='ocrx_word' id='word_1_93' title='bbox 417 1642 480 1729; x_wconf 76' lang='lat' dir='ltr'><strong>pne</strong></span> <span class='ocrx_word' id='word_1_94' title='bbox 500 1655 584 1711; x_wconf 85' lang='lat' dir='ltr'><strong>ceris</strong></span> <span class='ocrx_word' id='word_1_95' title='bbox 601 1652 719 1729; x_wconf 74' lang='lat' dir='ltr'><strong>facilis·</strong></span> <span class='ocrx_word' id='word_1_96' title='bbox 734 1654 828 1712; x_wconf 81' lang='lat' dir='ltr'><strong>detur</strong></span> <span class='ocrx_word' id='word_1_97' title='bbox 849 1655 958 1710; x_wconf 79' lang='lat' dir='ltr'><strong>celtus</strong></span> <span class='ocrx_word' id='word_1_98' title='bbox 978 1653 1117 1730; x_wconf 79' lang='lat' dir='ltr'><strong>umbris;</strong></span> 
     </span>
     <span class='ocr_line' id='line_1_14' title="bbox 223 1759 1021 1839; baseline -0.006 -16"><span class='ocrx_word' id='word_1_99' title='bbox 223 1761 337 1823; x_wconf 83' lang='lat' dir='ltr'><strong>Altero</strong></span> <span class='ocrx_word' id='word_1_100' title='bbox 350 1761 501 1820; x_wconf 69' lang='lat' dir='ltr'><strong>condocti</strong></span> <span class='ocrx_word' id='word_1_101' title='bbox 517 1763 661 1839; x_wconf 80' lang='lat' dir='ltr'><strong>perfecta</strong></span> <span class='ocrx_word' id='word_1_102' title='bbox 680 1763 785 1819; x_wconf 81' lang='lat' dir='ltr'><strong>nitens</strong></span> <span class='ocrx_word' id='word_1_103' title='bbox 805 1759 1021 1835; x_wconf 77' lang='lat' dir='ltr'><strong>elephanto</strong></span> 
     </span>
    </p>

    <p class='ocr_par' dir='ltr' id='par_1_5' title="bbox 224 1867 1078 1950">
     <span class='ocr_line' id='line_1_15' title="bbox 224 1867 1078 1950; baseline -0.002 -20"><span class='ocrx_word' id='word_1_104' title='bbox 224 1869 292 1931; x_wconf 79' lang='lat' dir='ltr'><strong>Sed</strong></span> <span class='ocrx_word' id='word_1_105' title='bbox 306 1870 398 1950; x_wconf 81' lang='lat' dir='ltr'><strong>solen</strong></span> <span class='ocrx_word' id='word_1_106' title='bbox 419 1870 463 1929; x_wconf 85' lang='lat' dir='ltr'><strong>cd</strong></span> <span class='ocrx_word' id='word_1_107' title='bbox 482 1868 606 1929; x_wconf 81' lang='lat' dir='ltr'><strong>coelum</strong></span> <span class='ocrx_word' id='word_1_108' title='bbox 627 1871 756 1929; x_wconf 83' lang='lat' dir='ltr'><strong>mittunt</strong></span> <span class='ocrx_word' id='word_1_109' title='bbox 774 1872 930 1928; x_wconf 82' lang='lat' dir='ltr'><strong>irtsomnr&#39;c</strong></span> <span class='ocrx_word' id='word_1_110' title='bbox 951 1867 1078 1929; x_wconf 83' lang='lat' dir='ltr'><strong>Manes.</strong></span> 
     </span>
    </p>
   </div>
   <div class='ocr_carea' id='block_1_5' title="bbox 142 2004 1386 2408">
    <p class='ocr_par' dir='ltr' id='par_1_6' title="bbox 142 2004 1386 2408">
     <span class='ocr_line' id='line_1_16' title="bbox 144 2004 1384 2087; baseline -0.002 -18"><span class='ocrx_word' id='word_1_111' title='bbox 144 2004 230 2080; x_wconf 85' lang='lat' dir='ltr'><strong>Sed,</strong></span> <span class='ocrx_word' id='word_1_112' title='bbox 260 2004 344 2085; x_wconf 90' lang='lat' dir='ltr'><strong>quod</strong></span> <span class='ocrx_word' id='word_1_113' title='bbox 366 2005 396 2064; x_wconf 92' lang='lat' dir='ltr'><strong>iu</strong></span> <span class='ocrx_word' id='word_1_114' title='bbox 417 2005 641 2068; x_wconf 81' lang='lat' dir='ltr'><strong>imitationibus</strong></span> <span class='ocrx_word' id='word_1_115' title='bbox 665 2005 774 2067; x_wconf 86' lang='lat' dir='ltr'><strong>facere</strong></span> <span class='ocrx_word' id='word_1_116' title='bbox 796 2022 923 2087; x_wconf 86' lang='lat' dir='ltr'><strong>semper</strong></span> <span class='ocrx_word' id='word_1_117' title='bbox 952 2007 1051 2085; x_wconf 86' lang='lat' dir='ltr'><strong>solet,</strong></span> <span class='ocrx_word' id='word_1_118' title='bbox 1075 2006 1211 2068; x_wconf 86' lang='lat' dir='ltr'><strong>mutavit</strong></span> <span class='ocrx_word' id='word_1_119' title='bbox 1239 2023 1322 2086; x_wconf 82' lang='lat' dir='ltr'><strong>rem3</strong></span> <span class='ocrx_word' id='word_1_120' title='bbox 1344 2006 1384 2067; x_wconf 89' lang='lat' dir='ltr'><strong>de</strong></span> 
     </span>
     <span class='ocr_line' id='line_1_17' title="bbox 142 2112 1382 2194; baseline -0.001 -18"><span class='ocrx_word' id='word_1_121' title='bbox 142 2115 274 2176; x_wconf 92' lang='lat' dir='ltr'><strong>somniis</strong></span> <span class='ocrx_word' id='word_1_122' title='bbox 296 2113 377 2174; x_wconf 86' lang='lat' dir='ltr'><strong>enini</strong></span> <span class='ocrx_word' id='word_1_123' title='bbox 399 2113 498 2192; x_wconf 87' lang='lat' dir='ltr'><strong>primo</strong></span> <span class='ocrx_word' id='word_1_124' title='bbox 520 2133 581 2173; x_wconf 95' lang='lat' dir='ltr'><strong>non</strong></span> <span class='ocrx_word' id='word_1_125' title='bbox 609 2112 743 2193; x_wconf 89' lang='lat' dir='ltr'><strong>loquitur</strong></span> <span class='ocrx_word' id='word_1_126' title='bbox 764 2117 870 2194; x_wconf 81' lang='lat' dir='ltr'><strong>veris,</strong></span> <span class='ocrx_word' id='word_1_127' title='bbox 901 2112 959 2173; x_wconf 89' lang='lat' dir='ltr'><strong>sed</strong></span> <span class='ocrx_word' id='word_1_128' title='bbox 994 2112 1032 2174; x_wconf 91' lang='lat' dir='ltr'><strong>de</strong></span> <span class='ocrx_word' id='word_1_129' title='bbox 1062 2114 1179 2174; x_wconf 83' lang='lat' dir='ltr'><strong>umbris</strong></span> <span class='ocrx_word' id='word_1_130' title='bbox 1201 2115 1220 2177; x_wconf 87' lang='lat' dir='ltr'><strong>i.</strong></span> <span class='ocrx_word' id='word_1_131' title='bbox 1243 2134 1270 2178; x_wconf 87' lang='lat' dir='ltr'><strong>e.</strong></span> <span class='ocrx_word' id='word_1_132' title='bbox 1295 2115 1382 2176; x_wconf 86' lang='lat' dir='ltr'><strong>veris</strong></span> 
     </span>
     <span class='ocr_line' id='line_1_18' title="bbox 142 2220 1385 2304; baseline 0.001 -20"><span class='ocrx_word' id='word_1_133' title='bbox 142 2231 335 2284; x_wconf 86' lang='lat' dir='ltr'><strong>mortuorum</strong></span> <span class='ocrx_word' id='word_1_134' title='bbox 371 2221 585 2304; x_wconf 66' lang='lat' dir='ltr'><strong>imaginibus2</strong></span> <span class='ocrx_word' id='word_1_135' title='bbox 620 2238 702 2302; x_wconf 86' lang='lat' dir='ltr'><strong>qnae</strong></span> <span class='ocrx_word' id='word_1_136' title='bbox 733 2220 911 2281; x_wconf 90' lang='lat' dir='ltr'><strong>bominibus</strong></span> <span class='ocrx_word' id='word_1_137' title='bbox 944 2232 1111 2301; x_wconf 84' lang='lat' dir='ltr'><strong>apparent,</strong></span> <span class='ocrx_word' id='word_1_138' title='bbox 1151 2229 1241 2301; x_wconf 91' lang='lat' dir='ltr'><strong>porta</strong></span> <span class='ocrx_word' id='word_1_139' title='bbox 1268 2241 1385 2285; x_wconf 88' lang='lat' dir='ltr'><strong>cornea</strong></span> 
     </span>
     <span class='ocr_line' id='line_1_19' title="bbox 144 2324 1386 2408; baseline -0.002 -16"><span class='ocrx_word' id='word_1_140' title='bbox 144 2329 290 2408; x_wconf 87' lang='lat' dir='ltr'><strong>emissis,</strong></span> <span class='ocrx_word' id='word_1_141' title='bbox 326 2325 438 2388; x_wconf 92' lang='lat' dir='ltr'><strong>deinde</strong></span> <span class='ocrx_word' id='word_1_142' title='bbox 461 2325 501 2387; x_wconf 94' lang='lat' dir='ltr'><strong>de</strong></span> <span class='ocrx_word' id='word_1_143' title='bbox 521 2324 651 2386; x_wconf 89' lang='lat' dir='ltr'><strong>somniis</strong></span> <span class='ocrx_word' id='word_1_144' title='bbox 672 2324 862 2387; x_wconf 83' lang='lat' dir='ltr'><strong>fallentibus.</strong></span> <span class='ocrx_word' id='word_1_145' title='bbox 904 2326 1035 2407; x_wconf 83' lang='lat' dir='ltr'><strong>Integra</strong></span> <span class='ocrx_word' id='word_1_146' title='bbox 1067 2327 1197 2406; x_wconf 87' lang='lat' dir='ltr'><strong>species</strong></span> <span class='ocrx_word' id='word_1_147' title='bbox 1226 2344 1386 2390; x_wconf 87' lang='lat' dir='ltr'><strong>conversa</strong></span> 
     </span>
    </p>
   </div>
   <div class='ocr_carea' id='block_1_6' title="bbox 143 2416 1401 4042">
    <p class='ocr_par' dir='ltr' id='par_1_7' title="bbox 143 2416 1401 4042">
     <span class='ocr_line' id='line_1_20' title="bbox 143 2416 1386 2517; baseline -0.005 -16"><span class='ocrx_word' id='word_1_148' title='bbox 143 2449 205 2501; x_wconf 90' lang='lat' dir='ltr'><strong>est.</strong></span> <span class='ocrx_word' id='word_1_149' title='bbox 248 2437 355 2498; x_wconf 88' lang='lat' dir='ltr'><strong>Malim</strong></span> <span class='ocrx_word' id='word_1_150' title='bbox 376 2435 551 2517; x_wconf 85' lang='lat' dir='ltr'><strong>Vergilium</strong></span> <span class='ocrx_word' id='word_1_151' title='bbox 573 2416 887 2496; x_wconf 60' lang='lat' dir='ltr'><strong>vennesta-899.</strong></span> <span class='ocrx_word' id='word_1_152' title='bbox 910 2454 973 2496; x_wconf 92' lang='lat' dir='ltr'><strong>non</strong></span> <span class='ocrx_word' id='word_1_153' title='bbox 985 2436 1164 2514; x_wconf 89' lang='lat' dir='ltr'><strong>scripsisse.</strong></span> <span class='ocrx_word' id='word_1_154' title='bbox 1199 2433 1292 2513; x_wconf 86' lang='lat' dir='ltr'><strong>Quod</strong></span> <span class='ocrx_word' id='word_1_155' title='bbox 1305 2434 1386 2495; x_wconf 91' lang='lat' dir='ltr'><strong>enim</strong></span> 
     </span>
     <span class='ocr_line' id='line_1_21' title="bbox 146 2540 1388 2624; baseline -0.003 -16"><span class='ocrx_word' id='word_1_156' title='bbox 146 2547 239 2608; x_wconf 90' lang='lat' dir='ltr'><strong>nobis</strong></span> <span class='ocrx_word' id='word_1_157' title='bbox 260 2555 374 2622; x_wconf 85' lang='lat' dir='ltr'><strong>narrat,</strong></span> <span class='ocrx_word' id='word_1_158' title='bbox 398 2544 540 2603; x_wconf 80' lang='lat' dir='ltr'><strong>Aeneam</strong></span> <span class='ocrx_word' id='word_1_159' title='bbox 563 2551 655 2621; x_wconf 88' lang='lat' dir='ltr'><strong>porta</strong></span> <span class='ocrx_word' id='word_1_160' title='bbox 679 2540 799 2603; x_wconf 89' lang='lat' dir='ltr'><strong>eburna</strong></span> <span class='ocrx_word' id='word_1_161' title='bbox 821 2545 974 2602; x_wconf 91' lang='lat' dir='ltr'><strong>emissum</strong></span> <span class='ocrx_word' id='word_1_162' title='bbox 997 2558 1082 2614; x_wconf 88' lang='lat' dir='ltr'><strong>esse,</strong></span> <span class='ocrx_word' id='word_1_163' title='bbox 1107 2560 1213 2623; x_wconf 91' lang='lat' dir='ltr'><strong>neque</strong></span> <span class='ocrx_word' id='word_1_164' title='bbox 1231 2542 1388 2624; x_wconf 73' lang='lat' dir='ltr'><strong>hocque-</strong></span> 
     </span>
     <span class='ocr_line' id='line_1_22' title="bbox 148 2648 1389 2733; baseline -0.002 -17"><span class='ocrx_word' id='word_1_165' title='bbox 148 2654 230 2729; x_wconf 86' lang='lat' dir='ltr'><strong>drat,</strong></span> <span class='ocrx_word' id='word_1_166' title='bbox 253 2671 347 2733; x_wconf 90' lang='lat' dir='ltr'><strong>quum</strong></span> <span class='ocrx_word' id='word_1_167' title='bbox 369 2668 492 2712; x_wconf 89' lang='lat' dir='ltr'><strong>omnem</strong></span> <span class='ocrx_word' id='word_1_168' title='bbox 516 2648 599 2710; x_wconf 91' lang='lat' dir='ltr'><strong>illam</strong></span> <span class='ocrx_word' id='word_1_169' title='bbox 621 2669 725 2711; x_wconf 92' lang='lat' dir='ltr'><strong>rerum</strong></span> <span class='ocrx_word' id='word_1_170' title='bbox 747 2650 961 2713; x_wconf 83' lang='lat' dir='ltr'><strong>Romanarum</strong></span> <span class='ocrx_word' id='word_1_171' title='bbox 983 2653 1097 2713; x_wconf 88' lang='lat' dir='ltr'><strong>seriem</strong></span> <span class='ocrx_word' id='word_1_172' title='bbox 1111 2654 1242 2715; x_wconf 87' lang='lat' dir='ltr'><strong>Aeneae</strong></span> <span class='ocrx_word' id='word_1_173' title='bbox 1252 2669 1389 2733; x_wconf 87' lang='lat' dir='ltr'><strong>praesa-</strong></span> 
     </span>
     <span class='ocr_line' id='line_1_23' title="bbox 149 2755 1391 2841; baseline 0 -19"><span class='ocrx_word' id='word_1_174' title='bbox 149 2762 203 2840; x_wconf 82' lang='lat' dir='ltr'><strong>gio</strong></span> <span class='ocrx_word' id='word_1_175' title='bbox 225 2764 430 2820; x_wconf 87' lang='lat' dir='ltr'><strong>monstratam</strong></span> <span class='ocrx_word' id='word_1_176' title='bbox 448 2761 540 2838; x_wconf 87' lang='lat' dir='ltr'><strong>quasi</strong></span> <span class='ocrx_word' id='word_1_177' title='bbox 557 2776 617 2818; x_wconf 92' lang='lat' dir='ltr'><strong>uno</strong></span> <span class='ocrx_word' id='word_1_178' title='bbox 635 2757 699 2820; x_wconf 90' lang='lat' dir='ltr'><strong>ictu</strong></span> <span class='ocrx_word' id='word_1_179' title='bbox 719 2755 824 2819; x_wconf 86' lang='lat' dir='ltr'><strong>deleat</strong></span> <span class='ocrx_word' id='word_1_180' title='bbox 841 2761 940 2841; x_wconf 86' lang='lat' dir='ltr'><strong>atque&#39;</strong></span> <span class='ocrx_word' id='word_1_181' title='bbox 951 2770 984 2821; x_wconf 91' lang='lat' dir='ltr'><strong>ut</strong></span> <span class='ocrx_word' id='word_1_182' title='bbox 1001 2760 1113 2821; x_wconf 84' lang='lat' dir='ltr'><strong>falsam</strong></span> <span class='ocrx_word' id='word_1_183' title='bbox 1129 2760 1228 2824; x_wconf 87' lang='lat' dir='ltr'><strong>tollat.</strong></span> <span class='ocrx_word' id='word_1_184' title='bbox 1268 2763 1391 2823; x_wconf 86' lang='lat' dir='ltr'><strong>Habuit</strong></span> 
     </span>
     <span class='ocr_line' id='line_1_24' title="bbox 150 2866 1393 2950; baseline 0.002 -20"><span class='ocrx_word' id='word_1_185' title='bbox 150 2888 229 2930; x_wconf 87' lang='lat' dir='ltr'><strong>vero</strong></span> <span class='ocrx_word' id='word_1_186' title='bbox 253 2867 338 2950; x_wconf 89' lang='lat' dir='ltr'><strong>apud</strong></span> <span class='ocrx_word' id='word_1_187' title='bbox 356 2866 445 2946; x_wconf 93' lang='lat' dir='ltr'><strong>ipsos</strong></span> <span class='ocrx_word' id='word_1_188' title='bbox 458 2867 619 2930; x_wconf 82' lang='lat' dir='ltr'><strong>Romanos</strong></span> <span class='ocrx_word' id='word_1_189' title='bbox 640 2869 813 2948; x_wconf 79' lang='lat' dir='ltr'><strong>scriptores</strong></span> <span class='ocrx_word' id='word_1_190' title='bbox 834 2886 981 2950; x_wconf 88' lang='lat' dir='ltr'><strong>magnam</strong></span> <span class='ocrx_word' id='word_1_191' title='bbox 997 2872 1119 2949; x_wconf 89' lang='lat' dir='ltr'><strong>copiam</strong></span> <span class='ocrx_word' id='word_1_192' title='bbox 1134 2869 1216 2931; x_wconf 89' lang='lat' dir='ltr'><strong>hanc</strong></span> <span class='ocrx_word' id='word_1_193' title='bbox 1228 2870 1393 2932; x_wconf 87' lang='lat' dir='ltr'><strong>materiam</strong></span> 
     </span>
     <span class='ocr_line' id='line_1_25' title="bbox 149 2975 1392 3066; baseline 0.006 -29"><span class='ocrx_word' id='word_1_194' title='bbox 149 2975 288 3060; x_wconf 85' lang='lat' dir='ltr'><strong>angendi</strong></span> <span class='ocrx_word' id='word_1_195' title='bbox 310 2977 511 3060; x_wconf 85' lang='lat' dir='ltr'><strong>ornandique.</strong></span> <span class='ocrx_word' id='word_1_196' title='bbox 554 2980 710 3042; x_wconf 85' lang='lat' dir='ltr'><strong>Cicerone</strong></span> <span class='ocrx_word' id='word_1_197' title='bbox 732 2983 813 3044; x_wconf 89' lang='lat' dir='ltr'><strong>euim</strong></span> <span class='ocrx_word' id='word_1_198' title='bbox 836 2981 932 3044; x_wconf 90' lang='lat' dir='ltr'><strong>divin.</strong></span> <span class='ocrx_word' id='word_1_199' title='bbox 956 2984 982 3061; x_wconf 87' lang='lat'><strong>1,</strong></span> <span class='ocrx_word' id='word_1_200' title='bbox 993 2982 1044 3044; x_wconf 78' lang='lat' dir='ltr'><strong>at.</strong></span> <span class='ocrx_word' id='word_1_201' title='bbox 1066 2991 1150 3046; x_wconf 90' lang='lat' dir='ltr'><strong>teste</strong></span> <span class='ocrx_word' id='word_1_202' title='bbox 1172 2985 1288 3066; x_wconf 88' lang='lat' dir='ltr'><strong>omnia,</strong></span> <span class='ocrx_word' id='word_1_203' title='bbox 1310 3003 1392 3066; x_wconf 89' lang='lat' dir='ltr'><strong>qnae</strong></span> 
     </span>
     <span class='ocr_line' id='line_1_26' title="bbox 152 3089 1395 3174; baseline 0.003 -23"><span class='ocrx_word' id='word_1_204' title='bbox 152 3090 284 3151; x_wconf 84' lang='lat' dir='ltr'><strong>Aeneas</strong></span> <span class='ocrx_word' id='word_1_205' title='bbox 303 3089 406 3171; x_wconf 83' lang='lat' dir='ltr'><strong>gessit</strong></span> <span class='ocrx_word' id='word_1_206' title='bbox 427 3108 465 3151; x_wconf 87' lang='lat' dir='ltr'><strong>ae</strong></span> <span class='ocrx_word' id='word_1_207' title='bbox 486 3108 601 3168; x_wconf 86' lang='lat' dir='ltr'><strong>passus</strong></span> <span class='ocrx_word' id='word_1_208' title='bbox 625 3099 684 3166; x_wconf 90' lang='lat' dir='ltr'><strong>est,</strong></span> <span class='ocrx_word' id='word_1_209' title='bbox 704 3094 836 3153; x_wconf 90' lang='lat' dir='ltr'><strong>somniis</strong></span> <span class='ocrx_word' id='word_1_210' title='bbox 851 3092 942 3172; x_wconf 91' lang='lat' dir='ltr'><strong>quasi</strong></span> <span class='ocrx_word' id='word_1_211' title='bbox 957 3090 1169 3170; x_wconf 82' lang='lat' dir='ltr'><strong>praeformata</strong></span> <span class='ocrx_word' id='word_1_212' title='bbox 1181 3102 1271 3156; x_wconf 81' lang='lat' dir='ltr'><strong>sunt:</strong></span> <span class='ocrx_word' id='word_1_213' title='bbox 1297 3094 1395 3174; x_wconf 86' lang='lat' dir='ltr'><strong>„Sint</strong></span> 
     </span>
     <span class='ocr_line' id='line_1_27' title="bbox 151 3200 1394 3284; baseline 0.001 -23"><span class='ocrx_word' id='word_1_214' title='bbox 151 3200 243 3279; x_wconf 80' lang='lat' dir='ltr'><strong>baec,</strong></span> <span class='ocrx_word' id='word_1_215' title='bbox 266 3211 302 3262; x_wconf 94' lang='lat' dir='ltr'><strong>ut</strong></span> <span class='ocrx_word' id='word_1_216' title='bbox 324 3200 397 3277; x_wconf 90' lang='lat' dir='ltr'><strong>dixi,</strong></span> <span class='ocrx_word' id='word_1_217' title='bbox 422 3204 541 3264; x_wconf 90' lang='lat' dir='ltr'><strong>somnia</strong></span> <span class='ocrx_word' id='word_1_218' title='bbox 562 3203 754 3284; x_wconf 85' lang='lat' dir='ltr'><strong>fabularum,</strong></span> <span class='ocrx_word' id='word_1_219' title='bbox 784 3203 896 3283; x_wconf 91' lang='lat' dir='ltr'><strong>hisque</strong></span> <span class='ocrx_word' id='word_1_220' title='bbox 926 3201 1116 3282; x_wconf 84' lang='lat' dir='ltr'><strong>adiungatur</strong></span> <span class='ocrx_word' id='word_1_221' title='bbox 1144 3200 1239 3261; x_wconf 88' lang='lat' dir='ltr'><strong>etiam</strong></span> <span class='ocrx_word' id='word_1_222' title='bbox 1263 3201 1394 3262; x_wconf 86' lang='lat' dir='ltr'><strong>Aeneae</strong></span> 
     </span>
     <span class='ocr_line' id='line_1_28' title="bbox 153 3306 1396 3392; baseline -0.001 -23"><span class='ocrx_word' id='word_1_223' title='bbox 153 3307 308 3370; x_wconf 88' lang='lat' dir='ltr'><strong>somnium</strong></span> <span class='ocrx_word' id='word_1_224' title='bbox 312 3354 325 3384; x_wconf 85' lang='lat'><em>,</em></span> <span class='ocrx_word' id='word_1_225' title='bbox 360 3309 442 3392; x_wconf 92' lang='lat' dir='ltr'><strong>quod</strong></span> <span class='ocrx_word' id='word_1_226' title='bbox 469 3311 500 3371; x_wconf 93' lang='lat' dir='ltr'><strong>in</strong></span> <span class='ocrx_word' id='word_1_227' title='bbox 521 3311 665 3371; x_wconf 89' lang='lat' dir='ltr'><strong>Numerii</strong></span> <span class='ocrx_word' id='word_1_228' title='bbox 687 3311 776 3372; x_wconf 79' lang='lat' dir='ltr'><strong>naon</strong></span> <span class='ocrx_word' id='word_1_229' title='bbox 801 3309 936 3371; x_wconf 87' lang='lat' dir='ltr'><strong>Pictoris</strong></span> <span class='ocrx_word' id='word_1_230' title='bbox 959 3306 1094 3371; x_wconf 86' lang='lat' dir='ltr'><strong>Graecis</strong></span> <span class='ocrx_word' id='word_1_231' title='bbox 1117 3307 1281 3369; x_wconf 88' lang='lat' dir='ltr'><strong>annalibus</strong></span> <span class='ocrx_word' id='word_1_232' title='bbox 1305 3307 1396 3369; x_wconf 86' lang='lat' dir='ltr'><strong>eius-</strong></span> 
     </span>
     <span class='ocr_line' id='line_1_29' title="bbox 154 3414 1398 3507; baseline -0.001 -30"><span class='ocrx_word' id='word_1_233' title='bbox 154 3416 240 3477; x_wconf 90' lang='lat' dir='ltr'><strong>modi</strong></span> <span class='ocrx_word' id='word_1_234' title='bbox 255 3429 314 3493; x_wconf 91' lang='lat' dir='ltr'><strong>est‚</strong></span> <span class='ocrx_word' id='word_1_235' title='bbox 337 3427 370 3478; x_wconf 93' lang='lat' dir='ltr'><strong>nt</strong></span> <span class='ocrx_word' id='word_1_236' title='bbox 393 3416 507 3494; x_wconf 90' lang='lat' dir='ltr'><strong>omnia,</strong></span> <span class='ocrx_word' id='word_1_237' title='bbox 528 3437 609 3499; x_wconf 90' lang='lat' dir='ltr'><strong>quae</strong></span> <span class='ocrx_word' id='word_1_238' title='bbox 630 3417 669 3479; x_wconf 91' lang='lat' dir='ltr'><strong>ab</strong></span> <span class='ocrx_word' id='word_1_239' title='bbox 694 3419 805 3478; x_wconf 87' lang='lat' dir='ltr'><strong>Aenea</strong></span> <span class='ocrx_word' id='word_1_240' title='bbox 827 3425 923 3500; x_wconf 88' lang='lat' dir='ltr'><strong>gesta</strong></span> <span class='ocrx_word' id='word_1_241' title='bbox 944 3423 1017 3478; x_wconf 89' lang='lat' dir='ltr'><strong>sunt</strong></span> <span class='ocrx_word' id='word_1_242' title='bbox 1039 3415 1245 3507; x_wconf 22' lang='lat' dir='ltr'><strong>quaeque‘illi</strong></span> <span class='ocrx_word' id='word_1_243' title='bbox 1267 3414 1398 3478; x_wconf 90' lang='lat' dir='ltr'><strong>accide-</strong></span> 
     </span>
     <span class='ocr_line' id='line_1_30' title="bbox 158 3521 1398 3611; baseline -0.004 -23"><span class='ocrx_word' id='word_1_244' title='bbox 158 3535 242 3603; x_wconf 91' lang='lat' dir='ltr'><strong>runt,</strong></span> <span class='ocrx_word' id='word_1_245' title='bbox 257 3548 296 3590; x_wconf 91' lang='lat' dir='ltr'><strong>ea</strong></span> <span class='ocrx_word' id='word_1_246' title='bbox 319 3528 453 3606; x_wconf 83' lang='lat' dir='ltr'><strong>inerint,‘</strong></span> <span class='ocrx_word' id='word_1_247' title='bbox 468 3549 548 3611; x_wconf 87' lang='lat' dir='ltr'><strong>quae</strong></span> <span class='ocrx_word' id='word_1_248' title='bbox 572 3529 599 3590; x_wconf 94' lang='lat' dir='ltr'><strong>ei</strong></span> <span class='ocrx_word' id='word_1_249' title='bbox 624 3527 797 3589; x_wconf 90' lang='lat' dir='ltr'><strong>secundnm</strong></span> <span class='ocrx_word' id='word_1_250' title='bbox 821 3528 957 3607; x_wconf 88' lang='lat' dir='ltr'><strong>quietem</strong></span> <span class='ocrx_word' id='word_1_251' title='bbox 979 3525 1158 3587; x_wconf 89' lang='lat' dir='ltr'><strong>visasunt.“</strong></span> <span class='ocrx_word' id='word_1_252' title='bbox 1181 3521 1398 3585; x_wconf 88' lang='lat' dir='ltr'><strong>Verumhaeo</strong></span> 
     </span>
     <span class='ocr_line' id='line_1_31' title="bbox 159 3630 1400 3716; baseline -0.002 -22"><span class='ocrx_word' id='word_1_253' title='bbox 159 3634 212 3695; x_wconf 84' lang='lat' dir='ltr'><strong>vel</strong></span> <span class='ocrx_word' id='word_1_254' title='bbox 242 3633 458 3696; x_wconf 87' lang='lat' dir='ltr'><strong>demonstrare</strong></span> <span class='ocrx_word' id='word_1_255' title='bbox 487 3637 541 3697; x_wconf 92' lang='lat' dir='ltr'><strong>vel</strong></span> <span class='ocrx_word' id='word_1_256' title='bbox 569 3634 714 3716; x_wconf 85' lang='lat' dir='ltr'><strong>augurari</strong></span> <span class='ocrx_word' id='word_1_257' title='bbox 744 3634 913 3715; x_wconf 82' lang='lat' dir='ltr'><strong>eluserit,</strong></span> <span class='ocrx_word' id='word_1_258' title='bbox 949 3633 1002 3712; x_wconf 88' lang='lat' dir='ltr'><strong>qni</strong></span> <span class='ocrx_word' id='word_1_259' title='bbox 1033 3631 1072 3693; x_wconf 90' lang='lat' dir='ltr'><strong>do</strong></span> <span class='ocrx_word' id='word_1_260' title='bbox 1092 3630 1230 3692; x_wconf 85' lang='lat' dir='ltr'><strong>fontibus</strong></span> <span class='ocrx_word' id='word_1_261' title='bbox 1253 3631 1400 3693; x_wconf 88' lang='lat' dir='ltr'><strong>carminis</strong></span> 
     </span>
     <span class='ocr_line' id='line_1_32' title="bbox 158 3738 1400 3821; baseline -0.003 -19"><span class='ocrx_word' id='word_1_262' title='bbox 158 3743 258 3803; x_wconf 86' lang='lat' dir='ltr'><strong>nostri</strong></span> <span class='ocrx_word' id='word_1_263' title='bbox 282 3743 427 3821; x_wconf 85' lang='lat' dir='ltr'><strong>disseret,</strong></span> <span class='ocrx_word' id='word_1_264' title='bbox 451 3744 549 3804; x_wconf 87' lang='lat' dir='ltr'><strong>nostri</strong></span> <span class='ocrx_word' id='word_1_265' title='bbox 573 3743 630 3804; x_wconf 87' lang='lat' dir='ltr'><strong>erit</strong></span> <span class='ocrx_word' id='word_1_266' title='bbox 651 3740 788 3815; x_wconf 83' lang='lat' dir='ltr'><strong>somnia,</strong></span> <span class='ocrx_word' id='word_1_267' title='bbox 822 3759 904 3821; x_wconf 86' lang='lat' dir='ltr'><strong>qnae</strong></span> <span class='ocrx_word' id='word_1_268' title='bbox 933 3760 988 3820; x_wconf 93' lang='lat' dir='ltr'><strong>per</strong></span> <span class='ocrx_word' id='word_1_269' title='bbox 1017 3739 1191 3800; x_wconf 84' lang='lat' dir='ltr'><strong>Aeneidem</strong></span> <span class='ocrx_word' id='word_1_270' title='bbox 1214 3738 1400 3820; x_wconf 70' lang='lat' dir='ltr'><strong>indicantur,</strong></span> 
     </span>
     <span class='ocr_line' id='line_1_33' title="bbox 158 3840 1401 3931; baseline 0.001 -21"><span class='ocrx_word' id='word_1_271' title='bbox 158 3850 295 3929; x_wconf 91' lang='lat' dir='ltr'><strong>simplici</strong></span> <span class='ocrx_word' id='word_1_272' title='bbox 323 3853 473 3914; x_wconf 91' lang='lat' dir='ltr'><strong>memoria</strong></span> <span class='ocrx_word' id='word_1_273' title='bbox 502 3872 657 3915; x_wconf 87' lang='lat' dir='ltr'><strong>enarrare.</strong></span> <span class='ocrx_word' id='word_1_274' title='bbox 700 3853 813 3914; x_wconf 86' lang='lat' dir='ltr'><strong>Didoni</strong></span> <span class='ocrx_word' id='word_1_275' title='bbox 832 3840 834 3845; x_wconf 57' lang='grc'>’</span> <span class='ocrx_word' id='word_1_276' title='bbox 852 3855 880 3914; x_wconf 91' lang='lat' dir='ltr'><strong>in</strong></span> <span class='ocrx_word' id='word_1_277' title='bbox 911 3853 1030 3914; x_wconf 90' lang='lat' dir='ltr'><strong>somnis</strong></span> <span class='ocrx_word' id='word_1_278' title='bbox 1059 3858 1191 3931; x_wconf 87' lang='lat' dir='ltr'><strong>apparet</strong></span> <span class='ocrx_word' id='word_1_279' title='bbox 1228 3847 1401 3930; x_wconf 86' lang='lat' dir='ltr'><strong>Sychaeus</strong></span> 
     </span>
     <span class='ocr_line' id='line_1_34' title="bbox 158 3957 1165 4042; baseline 0.002 -24"><span class='ocrx_word' id='word_1_280' title='bbox 158 3959 293 4018; x_wconf 89' lang='lat' dir='ltr'><strong>coniunx</strong></span> <span class='ocrx_word' id='word_1_281' title='bbox 320 3961 434 4020; x_wconf 89' lang='lat' dir='ltr'><strong>misero</strong></span> <span class='ocrx_word' id='word_1_282' title='bbox 457 3959 549 4021; x_wconf 90' lang='lat' dir='ltr'><strong>modo</strong></span> <span class='ocrx_word' id='word_1_283' title='bbox 572 3979 591 4021; x_wconf 91' lang='lat' dir='ltr'><strong>a</strong></span> <span class='ocrx_word' id='word_1_284' title='bbox 613 3961 823 4042; x_wconf 88' lang='lat' dir='ltr'><strong>Pygmalione</strong></span> <span class='ocrx_word' id='word_1_285' title='bbox 845 3960 1019 4023; x_wconf 86' lang='lat' dir='ltr'><strong>trucidatus</strong></span> <span class='ocrx_word' id='word_1_286' title='bbox 1041 3960 1064 4037; x_wconf 85' lang='lat'><strong>1,</strong></span> <span class='ocrx_word' id='word_1_287' title='bbox 1087 3957 1165 4020; x_wconf 79' lang='lat'>353:</span> 
     </span>
    </p>
   </div>
   <div class='ocr_carea' id='block_1_7' title="bbox 244 4093 1134 4496">
    <p class='ocr_par' dir='ltr' id='par_1_8' title="bbox 244 4093 1131 4392">
     <span class='ocr_line' id='line_1_35' title="bbox 244 4093 1002 4170; baseline 0.001 -18"><span class='ocrx_word' id='word_1_288' title='bbox 244 4093 321 4170; x_wconf 79' lang='lat' dir='ltr'><strong>Ipsa</strong></span> <span class='ocrx_word' id='word_1_289' title='bbox 343 4095 401 4152; x_wconf 81' lang='lat' dir='ltr'><strong>sed</strong></span> <span class='ocrx_word' id='word_1_290' title='bbox 420 4099 453 4152; x_wconf 84' lang='lat' dir='ltr'><strong>in</strong></span> <span class='ocrx_word' id='word_1_291' title='bbox 475 4101 595 4156; x_wconf 79' lang='lat' dir='ltr'><strong>somnis</strong></span> <span class='ocrx_word' id='word_1_292' title='bbox 617 4099 775 4156; x_wconf 76' lang='lat' dir='ltr'><strong>tabernali</strong></span> <span class='ocrx_word' id='word_1_293' title='bbox 793 4101 879 4155; x_wconf 78' lang='lat' dir='ltr'><strong>certi!</strong></span> <span class='ocrx_word' id='word_1_294' title='bbox 897 4099 1002 4170; x_wconf 75' lang='lat' dir='ltr'><strong>itnccpo</strong></span> 
     </span>
     <span class='ocr_line' id='line_1_36' title="bbox 244 4201 1131 4282; baseline 0.007 -20"><span class='ocrx_word' id='word_1_295' title='bbox 244 4201 408 4282; x_wconf 62' lang='lat' dir='ltr'><strong>Ocniupia</strong></span> <span class='ocrx_word' id='word_1_296' title='bbox 431 4224 487 4264; x_wconf 85' lang='lat' dir='ltr'><strong>oro</strong></span> <span class='ocrx_word' id='word_1_297' title='bbox 508 4207 609 4265; x_wconf 83' lang='lat' dir='ltr'><strong>modis</strong></span> <span class='ocrx_word' id='word_1_298' title='bbox 631 4204 780 4266; x_wconf 75' lang='lat' dir='ltr'><strong>attollens</strong></span> <span class='ocrx_word' id='word_1_299' title='bbox 798 4206 920 4282; x_wconf 80' lang='lat' dir='ltr'><strong>pallido</strong></span> <span class='ocrx_word' id='word_1_300' title='bbox 940 4206 1031 4264; x_wconf 81' lang='lat' dir='ltr'><strong>miris</strong></span> <span class='ocrx_word' id='word_1_301' title='bbox 1127 4258 1131 4268; x_wconf 93' lang='lat'>.</span> 
     </span>
     <span class='ocr_line' id='line_1_37' title="bbox 245 4312 958 4392; baseline -0.004 -19"><span class='ocrx_word' id='word_1_302' title='bbox 245 4312 392 4373; x_wconf 75' lang='lat' dir='ltr'><strong>Crudelis</strong></span> <span class='ocrx_word' id='word_1_303' title='bbox 413 4332 490 4372; x_wconf 83' lang='lat' dir='ltr'><strong>crae</strong></span> <span class='ocrx_word' id='word_1_304' title='bbox 510 4318 702 4391; x_wconf 79' lang='lat' dir='ltr'><strong>traiectaque</strong></span> <span class='ocrx_word' id='word_1_305' title='bbox 720 4319 850 4388; x_wconf 85' lang='lat' dir='ltr'><strong>pectore</strong></span> <span class='ocrx_word' id='word_1_306' title='bbox 864 4315 958 4392; x_wconf 72' lang='lat' dir='ltr'><strong>‚fetro</strong></span> 
     </span>
    </p>

    <p class='ocr_par' dir='ltr' id='par_1_9' title="bbox 244 4417 1134 4496">
     <span class='ocr_line' id='line_1_38' title="bbox 244 4417 1134 4496; baseline -0.009 -13"><span class='ocrx_word' id='word_1_307' title='bbox 244 4422 396 4492; x_wconf 81' lang='lat' dir='ltr'><strong>Nndcor&#39;t,</strong></span> <span class='ocrx_word' id='word_1_308' title='bbox 421 4437 611 4496; x_wconf 78' lang='lat' dir='ltr'><strong>caecamque</strong></span> <span class='ocrx_word' id='word_1_309' title='bbox 631 4418 742 4478; x_wconf 59' lang='lat' dir='ltr'><strong>comen</strong></span> <span class='ocrx_word' id='word_1_310' title='bbox 763 4417 871 4477; x_wconf 75' lang='lat' dir='ltr'><strong>scelus</strong></span> <span class='ocrx_word' id='word_1_311' title='bbox 892 4435 984 4477; x_wconf 85' lang='lat' dir='ltr'><strong>omne</strong></span> <span class='ocrx_word' id='word_1_312' title='bbox 1005 4421 1134 4477; x_wconf 78' lang='lat' dir='ltr'><strong>retceit.</strong></span> 
     </span>
    </p>
   </div>
   <div class='ocr_carea' id='block_1_8' title="bbox 161 4539 1406 4856">
    <p class='ocr_par' dir='ltr' id='par_1_10' title="bbox 161 4539 1406 4856">
     <span class='ocr_line' id='line_1_39' title="bbox 161 4539 1404 4631; baseline -0.012 -15"><span class='ocrx_word' id='word_1_313' title='bbox 161 4556 215 4618; x_wconf 91' lang='lat' dir='ltr'><strong>nbi</strong></span> <span class='ocrx_word' id='word_1_314' title='bbox 236 4554 432 4631; x_wconf 70' lang='lat' dir='ltr'><strong>crapulitate</strong></span> <span class='ocrx_word' id='word_1_315' title='bbox 454 4551 541 4612; x_wconf 87' lang='lat' dir='ltr'><strong>dicta</strong></span> <span class='ocrx_word' id='word_1_316' title='bbox 562 4562 652 4626; x_wconf 87' lang='lat' dir='ltr'><strong>sunt,</strong></span> <span class='ocrx_word' id='word_1_317' title='bbox 681 4560 714 4610; x_wconf 89' lang='lat' dir='ltr'><strong>nt</strong></span> <span class='ocrx_word' id='word_1_318' title='bbox 736 4552 907 4610; x_wconf 81' lang='lat' dir='ltr'><strong>sirnulccra</strong></span> <span class='ocrx_word' id='word_1_319' title='bbox 935 4552 1036 4610; x_wconf 81' lang='lat' dir='ltr'><strong>modic</strong></span> <span class='ocrx_word' id='word_1_320' title='bbox 1054 4548 1209 4626; x_wconf 81' lang='lat' dir='ltr'><strong>pollentio</strong></span> <span class='ocrx_word' id='word_1_321' title='bbox 1230 4546 1338 4623; x_wconf 71' lang='lat' dir='ltr'><strong>miris,</strong></span> <span class='ocrx_word' id='word_1_322' title='bbox 1363 4539 1404 4601; x_wconf 89' lang='lat' dir='ltr'><strong>de</strong></span> 
     </span>
     <span class='ocr_line' id='line_1_40' title="bbox 163 4651 1406 4746; baseline -0.013 -19"><span class='ocrx_word' id='word_1_323' title='bbox 163 4665 280 4746; x_wconf 86' lang='lat' dir='ltr'><strong>quibus</strong></span> <span class='ocrx_word' id='word_1_324' title='bbox 302 4682 408 4745; x_wconf 87' lang='lat' dir='ltr'><strong>supra.</strong></span> <span class='ocrx_word' id='word_1_325' title='bbox 451 4665 588 4725; x_wconf 87' lang='lat' dir='ltr'><strong>Pectora</strong></span> <span class='ocrx_word' id='word_1_326' title='bbox 610 4661 706 4724; x_wconf 89' lang='lat' dir='ltr'><strong>nudat</strong></span> <span class='ocrx_word' id='word_1_327' title='bbox 728 4666 748 4722; x_wconf 91' lang='lat' dir='ltr'><strong>i.</strong></span> <span class='ocrx_word' id='word_1_328' title='bbox 763 4682 789 4721; x_wconf 89' lang='lat' dir='ltr'><strong>e.</strong></span> <span class='ocrx_word' id='word_1_329' title='bbox 812 4662 943 4721; x_wconf 86' lang='lat' dir='ltr'><strong>vulnera</strong></span> <span class='ocrx_word' id='word_1_330' title='bbox 965 4657 1086 4741; x_wconf 84' lang='lat' dir='ltr'><strong>detegit</strong></span> <span class='ocrx_word' id='word_1_331' title='bbox 1108 4653 1228 4735; x_wconf 90' lang='lat' dir='ltr'><strong>pectori</strong></span> <span class='ocrx_word' id='word_1_332' title='bbox 1250 4651 1406 4730; x_wconf 81' lang='lat' dir='ltr'><strong>immissa,</strong></span> 
     </span>
     <span class='ocr_line' id='line_1_41' title="bbox 163 4769 768 4856; baseline -0.008 -22"><span class='ocrx_word' id='word_1_333' title='bbox 163 4774 258 4856; x_wconf 90' lang='lat' dir='ltr'><strong>plane</strong></span> <span class='ocrx_word' id='word_1_334' title='bbox 279 4784 311 4837; x_wconf 92' lang='lat' dir='ltr'><strong>ut</strong></span> <span class='ocrx_word' id='word_1_335' title='bbox 331 4774 451 4835; x_wconf 90' lang='lat' dir='ltr'><strong>Hector</strong></span> <span class='ocrx_word' id='word_1_336' title='bbox 472 4773 604 4832; x_wconf 89' lang='lat' dir='ltr'><strong>Aeneae</strong></span> <span class='ocrx_word' id='word_1_337' title='bbox 626 4771 671 4851; x_wconf 72' lang='lat' dir='ltr'><strong>ss,</strong></span> <span class='ocrx_word' id='word_1_338' title='bbox 690 4769 768 4830; x_wconf 72' lang='lat'>270:</span> 
     </span>
    </p>
   </div>
   <div class='ocr_carea' id='block_1_9' title="bbox 0 0 1551 5234">
    <p class='ocr_par' dir='ltr' id='par_1_11' title="bbox 0 0 1551 5234">
     <span class='ocr_line' id='line_1_42' title="bbox 0 0 1551 5234; baseline 0 0"><span class='ocrx_word' id='word_1_339' title='bbox 0 0 1551 5234; x_wconf 95' lang='lat' dir='ltr'><strong> </strong></span> 
     </span>
    </p>
   </div>
  </div>
 </body>
</html>
