3022 5234
619 236 675 296 lle
696 235 875 297 navibus.

208 424 444 491 Sic-memorat,
467 424 672 499 patriamqne
694 419 770 494 lepit
790 419 828 478 de
849 417 954 476 closae
976 417 1153 494 hirernr'a,

211 537 415 613 Remipr'oqae
436 537 533 609 aptot.

127 648 207 727 Agit
230 645 272 725 V,
286 643 371 719 ι1901

209 754 436 828 Inpeatemqae
456 747 547 824 Gyae
570 749 693 821 tarenti
711 743 792 803 mole
814 743 1027 816 Chimaeram,
1113 733 1117 738 ’

212 863 309 924 Urbis
330 877 421 938 apua,
444 856 605 932 triplici
628 855 727 932 prater
749 871 843 932 qaam
865 851 1021 912 Dardano
1042 865 1163 906 aaran

211 968 388 1047 Inpedient,
411 972 525 1026 terno
549 966 746 1038 concorporet
766 959 911 1019 ordine
933 960 1019 1016 remi.

127 1077 193 1149 ubi,
218 1094 313 1156 quum
337 1093 355 1134 e
376 1070 562 1152 Thucydide
583 1072 617 1146 1,
655 1066 702 1129 13.
728 1070 790 1127 iam
817 1071 994 1132 antistaret,
1020 1061 1215 1122 Aminoclem
1242 1056 1369 1120 (lemtim

129 1183 330 1247 Corinthium
357 1183 551 1243 triremes
574 1180 669 1243 multo
691 1183 763 1259 post
786 1183 927 1252 tempora
947 1174 1085 1231 'l'rciana
1103 1167 1297 1245 condidisse,
1320 1167 1369 1226 alii

128 1297 191 1355 iam
212 1292 371 1371 viderunt,
393 1284 557 1351 lllaronem
574 1286 774 1346 Homericam
792 1283 995 1343 subtilitatem
1012 1280 1255 1357 veritatemque,
1277 1294 1370 1356 quam

127 1401 300 1485 appeliant,
322 1417 518 1482 nequaquam
541 1405 687 1456 secutum
712 1410 795 1454 essa
835 1388 876 1452 Hi
899 1406 976 1452 vero
999 1391 1074 1450 remi
1097 1409 1136 1448 eo
1157 1404 1286 1467 quoqne
1308 1384 1371 1443 dif-
1429 1393 1431 1397 ’

132 1511 237 1585 lerunt
259 1507 298 1568 ab
320 1507 513 1583 Homericis,
535 1502 617 1585 quod
640 1522 716 1563 aare
737 1509 810 1561 aum
832 1499 957 1571 firinati,
981 1497 1062 1557 unde
1082 1499 1107 1570 l,
1128 1495 1177 1557 35.
1200 1493 1344 1554 Troiani:

219 1618 299 1679 Veto
319 1618 439 1676 aotam
459 1619 534 1677 laeti
552 1623 584 1675 et
603 1633 734 1692 spamae
756 1613 836 1672 satia
858 1631 950 1670 aere
972 1611 1114 1670 retebant.
1213 1642 1217 1647 ·

132 1729 229 1791 'l'usci
252 1729 296 1807 X,
316 1726 395 1788 att:

504 1830 640 1904 Compos
663 1829 743 1914 eatis
766 1848 856 1888 aere
878 1830 1037 1888 secabant.

135 1959 338 2022 aequavero
360 1957 502 2018 semper3
524 1956 596 2000 nam
622 1938 645 2019 l,
669 1937 745 1997 tat:
767 1937 979 2013 Froopnotnr
998 1941 1077 1996 remi
1098 1944 1130 1995 et
1152 1936 1196 2019 V,
1217 1935 1295 1997 205:

642 2046 746 2107 Arato
768 2051 801 2106 ia
823 2049 939 2105 nrrrrr'ee
960 2048 1039 2104 remi

214 2156 336 2217 Ohar'ar'
355 2175 513 2232 crepuere.

132 2265 175 2329 cf.
194 2264 268 2327 209.
291 2265 341 2341 X,
363 2263 437 2325 306.
460 2264 664 2344 Quapropter
687 2280 767 2344 opus
791 2270 859 2343 est,
888 2268 921 2322 ut
943 2258 1096 2322 interdum
1118 2261 1299 2340 suppleatur
1321 2280 1375 2320 re-

135 2377 278 2458 migium.
322 2376 368 2434 lta
391 2376 533 2436 Helenus
557 2376 623 2466 lll,¹
639 2374 709 2434 471.
732 2375 863 2471 1166666

216 2486 393 2558 Bemioiam
414 2481 551 2562 supplet,
573 2484 676 2540 socios
697 2480 794 2539 airnat
811 2483 944 2538 tartrar't
962 2481 1071 2538 armis.
1173 2512 1181 2527 κ

134 2593 184 2653 lle
205 2589 388 2652 vehementi
410 2587 626 2668 remigantium
649 2591 714 2648 ictu
736 2586 795 2663 lll,
817 2585 887 2646 560.
909 2585 1039 2646 dicitur:

777 2696 940 2771 Iosrrrpr'te
957 2699 1062 2753 rerar‘r.

133 2806 185 2869 Ad
209 2807 369 2887 remigium
391 2806 436 2887 V,
460 2805 529 2868 136.
551 2803 621 2866 663.
643 2803 719 2874 759,
738 2809 921 2863 transtra
942 2819 1068 2883 quoque
1090 2800 1266 2882 pertinent,
1294 2811 1400 2879 quo-·

133 2932 204 2974 rum
227 2933 339 2974 rhomen
361 2914 417 2994 lll,
439 2915 510 2977 289.
553 2914 613 2989 IV,
633 2910 704 2974 273.

220 3047 287 3108 Sed
308 3056 433 3128 praeter
455 3065 558 3108 remos
582 3039 780 3126 transtraque
802 3046 881 3107 aliae
904 3047 997 3107 etiam
1010 3045 1207 3126 spectandae
1220 3055 1294 3107 sunt
1315 3065 1376 3106 na-

137 3155 224 3217 vium
251 3163 370 3235 partes.
413 3157 610 3216 Notissimae
640 3164 712 3215 sunt
741 3175 903 3238 prorae,
939 3174 1019 3235 quae
1040 3163 1207 3216 aeratae
1229 3155 1278 3233 X,
1307 3153 1378 3216 22²3.

137 3273 303 3340 vocantur,
324 3264 353 3323 in
376 3264 554 3344 quibusque
575 3273 707 3324 rostra
728 3271 802 3324 sunt
823 3263 898 3343 fixa,
922 3283 1004 3345 quae
1028 3263 1071 3340 V,
1097 3261 1163 3323 113.
1197 3265 1289 3342 Vlll,
1305 3264 1378 3325 690.

139 3369 181 3431 ad
205 3371 249 3430 rei
273 3373 439 3432 veritatem
465 3390 618 3451 expressa
639 3374 786 3433 tridentin
808 3371 1011 3451 appellantur.
1055 3371 1105 3434 cf.
1128 3373 1172 3452 X,
1200 3372 1270 3434 295.
1295 3373 1380 3434 'l'ar-

137 3479 262 3541 choatis
285 3477 552 3565 adhortationem:

235 3592 238 3597 '
678 3589 843 3649 Inirra'eom
865 3588 1013 3665 findite
1033 3591 1147 3646 rostris

224 3696 319 3756 Hanc
341 3702 471 3776 terram,
492 3695 679 3775 arctoumque
700 3699 903 3772 satiaremur
921 3699 991 3774 ipso
1012 3700 1134 3757 carina.

140 3806 290 3868 Formam
313 3808 343 3865 16
367 3808 469 3865 numia
493 3813 525 3866 et
547 3805 676 3886 picturis
698 3805 834 3886 antiquis
857 3804 964 3868 habes·

224 3916 273 3976 De
303 3918 514 3998 puppibus
545 3915 657 3978 deinde
692 3927 799 3978 notatu
824 3917 973 3998 dignum,
1004 3914 1087 3997 quod
1111 3914 1153 3990 V,
1181 3912 1252 3976 633.
1276 3919 1381 3992 pictae

139 4025 249 4084 abiete.
271 4022 314 4098 V,
339 4025 406 4085 198.
426 4046 519 4087 orrea
542 4026 734 4108 appellatur,
758 4004 886 4106 dignius
907 4025 1000 4099 Vlll,
1021 4022 1100 4086 693:

228 4131 327 4189 Tanto
348 4133 428 4192 mole
446 4136 507 4193 oiri
533 4138 707 4194 turritis
725 4135 883 4211 proppihna
904 4138 1035 4196 instant.

140 4253 193 4314 ubi
216 4254 352 4316 Servius
374 4253 481 4318 docte:
529 4257 622 4318 61166
648 4256 687 4318 66
708 4257 838 4319 historia
860 4260 976 4334 traxit;
1004 4276 1075 4319 nam
1099 4257 1241 4339 Agrippa
1263 4259 1382 4335 primus

139 4362 204 4423 hoc
225 4381 327 4444 genus
346 4363 477 4425 turrium
499 4363 628 4434 invenit,
651 4372 684 4425 ut
706 4363 747 4425 de
768 4364 917 4425 tabulatis
940 4364 1044 4426 subito
1058 4366 1264 4445 erigerentur,
1287 4361 1383 4422 simul

142 4486 183 4530 ac
205 4478 334 4531 ventum
356 4477 445 4531 esset
477 4471 506 4531 in
534 4471 706 4552 proelium,
738 4480 842 4532 turres
873 4472 1017 4533 hostibus
1050 4472 1284 4552 improvisaem‘
1315 4470 1383 4532 sed

142 4595 206 4637 non
228 4595 285 4637 eas
306 4584 402 4657 poeta
425 4585 558 4660 tangere
580 4576 705 4637 videtur
727 4587 850 4657 turres,
882 4597 965 4659 quae
993 4575 1033 4638 de
1056 4577 1190 4638 navibus
1209 4579 1382 4659 improviso

141 4683 325 4765 eriguntur,
348 4680 408 4744 sed
430 4700 512 4763 quae
534 4685 566 4743 in
585 4684 664 4763 ipsis
685 4682 770 4747 lixae
796 4693 892 4746 stant.
934 4687 1002 4745 lam
1025 4683 1087 4747 Cu.
1106 4684 1278 4765 Pompeius
1299 4684 1382 4747 lilius

142 4797 226 4854 teate
249 4789 392 4853 Caesare
412 4791 448 4852 B.
472 4791 871 4873 matitianum,
893 4810 977 4873 quae
996 4799 1065 4853 erat
1086 4789 1127 4853 ad
1149 4789 1322 4853 custodiam
1343 4789 1384 4851 ab
