<?xml version="1.0" encoding="UTF-8"?>
<!DOCTYPE html PUBLIC "-//W3C//DTD XHTML 1.0 Transitional//EN"
    "http://www.w3.org/TR/xhtml1/DTD/xhtml1-transitional.dtd">
<html xmlns="http://www.w3.org/1999/xhtml" xml:lang="en" lang="en">
 <head>
  <title>
</title>
<meta http-equiv="Content-Type" content="text/html;charset=utf-8" />
  <meta name='ocr-system' content='tesseract 3.04.00' />
  <meta name='ocr-capabilities' content='ocr_page ocr_carea ocr_par ocr_line ocrx_word'/>
</head>
<body>
  <div class='ocr_page' id='page_1' title='image "./antiquitatesver00lersgoog_0269.png"; bbox 0 0 3022 5234; ppageno 0'>
   <div class='ocr_carea' id='block_1_1' title="bbox 195 249 989 316">
    <p class='ocr_par' dir='ltr' id='par_1_1' title="bbox 195 249 989 316">
     <span class='ocr_line' id='line_1_1' title="bbox 195 249 989 316; baseline -0.011 0"><span class='ocrx_word' id='word_1_1' title='bbox 195 253 259 316; x_wconf 76' lang='lat' dir='ltr'><strong>att</strong></span> <span class='ocrx_word' id='word_1_2' title='bbox 641 250 696 311; x_wconf 88' lang='lat' dir='ltr'><strong>De</strong></span> <span class='ocrx_word' id='word_1_3' title='bbox 717 249 989 310; x_wconf 89' lang='lat' dir='ltr'><strong>vestimentis.</strong></span> 
     </span>
    </p>
   </div>
   <div class='ocr_carea' id='block_1_2' title="bbox 196 424 1450 4181">
    <p class='ocr_par' dir='ltr' id='par_1_2' title="bbox 197 424 1437 734">
     <span class='ocr_line' id='line_1_2' title="bbox 197 424 1436 512; baseline -0.009 -16"><span class='ocrx_word' id='word_1_4' title='bbox 197 433 238 496; x_wconf 88' lang='lat' dir='ltr'><strong>de</strong></span> <span class='ocrx_word' id='word_1_5' title='bbox 259 434 368 495; x_wconf 90' lang='lat' dir='ltr'><strong>liberis</strong></span> <span class='ocrx_word' id='word_1_6' title='bbox 390 430 564 493; x_wconf 89' lang='lat' dir='ltr'><strong>educandis</strong></span> <span class='ocrx_word' id='word_1_7' title='bbox 575 432 611 493; x_wconf 82' lang='lat' dir='ltr'><strong>ir.</strong></span> <span class='ocrx_word' id='word_1_8' title='bbox 622 451 651 512; x_wconf 92' lang='lat' dir='ltr'><strong>p.</strong></span> <span class='ocrx_word' id='word_1_9' title='bbox 665 432 744 496; x_wconf 73' lang='lat'><strong>321:</strong></span> <span class='ocrx_word' id='word_1_10' title='bbox 767 432 831 496; x_wconf 80' lang='lat' dir='ltr'><strong>oUt</strong></span> <span class='ocrx_word' id='word_1_11' title='bbox 853 430 977 511; x_wconf 91' lang='lat' dir='ltr'><strong>puellae</strong></span> <span class='ocrx_word' id='word_1_12' title='bbox 997 427 1136 488; x_wconf 87' lang='lat' dir='ltr'><strong>habeant</strong></span> <span class='ocrx_word' id='word_1_13' title='bbox 1160 424 1436 508; x_wconf 87' lang='lat' dir='ltr'><strong>potiusinvestitn</strong></span> 
     </span>
     <span class='ocr_line' id='line_1_3' title="bbox 197 528 1437 622; baseline -0.01 -19"><span class='ocrx_word' id='word_1_14' title='bbox 197 540 449 622; x_wconf 69' lang='lat' dir='ltr'><strong>chlamydas</strong></span> <span class='ocrx_word' id='word_1_15' title='bbox 474 528 714 601; x_wconf 85' lang='lat' dir='ltr'><strong>encombomata</strong></span> <span class='ocrx_word' id='word_1_16' title='bbox 730 557 769 601; x_wconf 83' lang='lat' dir='ltr'><strong>ac</strong></span> <span class='ocrx_word' id='word_1_17' title='bbox 781 537 982 619; x_wconf 81' lang='lat' dir='ltr'><strong>parnacidas,</strong></span> <span class='ocrx_word' id='word_1_18' title='bbox 1006 554 1100 617; x_wconf 87' lang='lat' dir='ltr'><strong>quam</strong></span> <span class='ocrx_word' id='word_1_19' title='bbox 1115 535 1240 616; x_wconf 88' lang='lat' dir='ltr'><strong>togas.“</strong></span> <span class='ocrx_word' id='word_1_20' title='bbox 1279 530 1374 610; x_wconf 81' lang='lat' dir='ltr'><strong>Quae</strong></span> <span class='ocrx_word' id='word_1_21' title='bbox 1391 532 1437 592; x_wconf 89' lang='lat' dir='ltr'><strong>si·</strong></span> 
     </span>
     <span class='ocr_line' id='line_1_4' title="bbox 197 640 1419 734; baseline -0.008 -22"><span class='ocrx_word' id='word_1_22' title='bbox 197 651 360 734; x_wconf 82' lang='lat' dir='ltr'><strong>gnificatio</strong></span> <span class='ocrx_word' id='word_1_23' title='bbox 381 649 499 710; x_wconf 89' lang='lat' dir='ltr'><strong>obtinet</strong></span> <span class='ocrx_word' id='word_1_24' title='bbox 521 647 605 728; x_wconf 89' lang='lat' dir='ltr'><strong>apud</strong></span> <span class='ocrx_word' id='word_1_25' title='bbox 626 647 804 730; x_wconf 82' lang='lat' dir='ltr'><strong>Vergilium</strong></span> <span class='ocrx_word' id='word_1_26' title='bbox 828 647 887 724; x_wconf 95' lang='lat' dir='ltr'><strong>lll,</strong></span> <span class='ocrx_word' id='word_1_27' title='bbox 908 643 991 720; x_wconf 71' lang='lat'><strong>484,</strong></span> <span class='ocrx_word' id='word_1_28' title='bbox 1016 642 1067 703; x_wconf 92' lang='lat' dir='ltr'><strong>ubi</strong></span> <span class='ocrx_word' id='word_1_29' title='bbox 1094 640 1316 703; x_wconf 78' lang='lat' dir='ltr'><strong>Andromache</strong></span> <span class='ocrx_word' id='word_1_30' title='bbox 1341 641 1419 702; x_wconf 87' lang='lat' dir='ltr'><strong>fert:</strong></span> 
     </span>
    </p>

    <p class='ocr_par' dir='ltr' id='par_1_3' title="bbox 279 752 1309 834">
     <span class='ocr_line' id='line_1_5' title="bbox 279 752 1309 834; baseline -0.009 -16"><span class='ocrx_word' id='word_1_31' title='bbox 279 759 327 818; x_wconf 78' lang='lat' dir='ltr'><strong>Et</strong></span> <span class='ocrx_word' id='word_1_32' title='bbox 348 759 524 834; x_wconf 78' lang='lat' dir='ltr'><strong>Pbryyium</strong></span> <span class='ocrx_word' id='word_1_33' title='bbox 546 756 689 816; x_wconf 82' lang='lat' dir='ltr'><strong>Ascanio</strong></span> <span class='ocrx_word' id='word_1_34' title='bbox 713 756 977 832; x_wconf 76' lang='lat' dir='ltr'><strong><em>chlamydem,</em></strong></span> <span class='ocrx_word' id='word_1_35' title='bbox 1003 771 1060 812; x_wconf 87' lang='lat' dir='ltr'><strong>nec</strong></span> <span class='ocrx_word' id='word_1_36' title='bbox 1083 754 1166 811; x_wconf 81' lang='lat' dir='ltr'><em>cedit</em></span> <span class='ocrx_word' id='word_1_37' title='bbox 1185 752 1309 830; x_wconf 80' lang='lat' dir='ltr'><strong>honori,</strong></span> 
     </span>
    </p>

    <p class='ocr_par' dir='ltr' id='par_1_4' title="bbox 196 865 1440 1699">
     <span class='ocr_line' id='line_1_6' title="bbox 283 865 770 939; baseline -0.006 -15"><span class='ocrx_word' id='word_1_38' title='bbox 283 865 518 939; x_wconf 73' lang='lat' dir='ltr'><strong>Tectililmeyue</strong></span> <span class='ocrx_word' id='word_1_39' title='bbox 539 868 651 922; x_wconf 84' lang='lat' dir='ltr'><strong>onerat</strong></span> <span class='ocrx_word' id='word_1_40' title='bbox 669 865 770 923; x_wconf 81' lang='lat' dir='ltr'><strong>donis.</strong></span> 
     </span>
     <span class='ocr_line' id='line_1_7' title="bbox 198 963 1439 1051; baseline -0.006 -21"><span class='ocrx_word' id='word_1_41' title='bbox 198 969 350 1032; x_wconf 87' lang='lat' dir='ltr'><strong>Servius:</strong></span> <span class='ocrx_word' id='word_1_42' title='bbox 372 979 452 1051; x_wconf 91' lang='lat' dir='ltr'><strong>„ant</strong></span> <span class='ocrx_word' id='word_1_43' title='bbox 475 988 533 1030; x_wconf 87' lang='lat' dir='ltr'><strong>acu</strong></span> <span class='ocrx_word' id='word_1_44' title='bbox 556 971 681 1050; x_wconf 79' lang='lat' dir='ltr'><strong>pictam.</strong></span> <span class='ocrx_word' id='word_1_45' title='bbox 704 972 811 1031; x_wconf 90' lang='lat' dir='ltr'><strong>Huius</strong></span> <span class='ocrx_word' id='word_1_46' title='bbox 834 971 914 1032; x_wconf 89' lang='lat' dir='ltr'><strong>enirn</strong></span> <span class='ocrx_word' id='word_1_47' title='bbox 937 970 1014 1030; x_wconf 89' lang='lat' dir='ltr'><strong>artis</strong></span> <span class='ocrx_word' id='word_1_48' title='bbox 1035 967 1154 1049; x_wconf 87' lang='lat' dir='ltr'><strong>peritos</strong></span> <span class='ocrx_word' id='word_1_49' title='bbox 1170 966 1375 1048; x_wconf 76' lang='lat' dir='ltr'><strong>Phrygiones</strong></span> <span class='ocrx_word' id='word_1_50' title='bbox 1390 963 1439 1024; x_wconf 92' lang='lat' dir='ltr'><strong>di·</strong></span> 
     </span>
     <span class='ocr_line' id='line_1_8' title="bbox 198 1070 1437 1155; baseline -0.009 -16"><span class='ocrx_word' id='word_1_51' title='bbox 198 1080 299 1139; x_wconf 91' lang='lat' dir='ltr'><strong>cimus</strong></span> <span class='ocrx_word' id='word_1_52' title='bbox 322 1075 495 1139; x_wconf 91' lang='lat' dir='ltr'><strong>secundum</strong></span> <span class='ocrx_word' id='word_1_53' title='bbox 517 1076 696 1137; x_wconf 84' lang='lat' dir='ltr'><strong>l¹lautum.“</strong></span> <span class='ocrx_word' id='word_1_54' title='bbox 720 1077 822 1138; x_wconf 87' lang='lat' dir='ltr'><strong>Aulul.</strong></span> <span class='ocrx_word' id='word_1_55' title='bbox 846 1078 904 1148; x_wconf 85' lang='grc' dir='ltr'>ΙΙΙ,</span> <span class='ocrx_word' id='word_1_56' title='bbox 925 1077 955 1149; x_wconf 88' lang='lat'><strong>5,</strong></span> <span class='ocrx_word' id='word_1_57' title='bbox 974 1073 1031 1136; x_wconf 81' lang='grc'><strong>313</strong></span> <span class='ocrx_word' id='word_1_58' title='bbox 1052 1073 1152 1155; x_wconf 86' lang='lat' dir='ltr'><strong>„Stat</strong></span> <span class='ocrx_word' id='word_1_59' title='bbox 1173 1070 1260 1150; x_wconf 87' lang='lat' dir='ltr'><strong>lullo,</strong></span> <span class='ocrx_word' id='word_1_60' title='bbox 1284 1071 1437 1152; x_wconf 85' lang='lat' dir='ltr'><strong>Phrygio,</strong></span> 
     </span>
     <span class='ocr_line' id='line_1_9' title="bbox 196 1169 1440 1269; baseline -0.009 -21"><span class='ocrx_word' id='word_1_61' title='bbox 196 1186 331 1262; x_wconf 75' lang='lat' dir='ltr'><strong>aurifex,</strong></span> <span class='ocrx_word' id='word_1_62' title='bbox 354 1183 527 1248; x_wconf 83' lang='lat' dir='ltr'><strong>lanarius.“</strong></span> <span class='ocrx_word' id='word_1_63' title='bbox 559 1185 664 1248; x_wconf 84' lang='lat' dir='ltr'><strong>Varro</strong></span> <span class='ocrx_word' id='word_1_64' title='bbox 687 1180 766 1269; x_wconf 82' lang='grc' dir='ltr'><strong><em>περὶ</em></strong></span> <span class='ocrx_word' id='word_1_65' title='bbox 787 1179 923 1269; x_wconf 70' lang='grc' dir='ltr'><strong><em>φθορᾶς</em></strong></span> <span class='ocrx_word' id='word_1_66' title='bbox 950 1169 1073 1262; x_wconf 82' lang='grc' dir='ltr'><em>κόσμου</em></span> <span class='ocrx_word' id='word_1_67' title='bbox 1105 1183 1205 1255; x_wconf 82' lang='lat' dir='ltr'><strong>(Nun.</strong></span> <span class='ocrx_word' id='word_1_68' title='bbox 1228 1199 1254 1244; x_wconf 89' lang='lat' dir='ltr'><strong>s.</strong></span> <span class='ocrx_word' id='word_1_69' title='bbox 1277 1199 1309 1239; x_wconf 88' lang='lat' dir='ltr'><strong>v.</strong></span> <span class='ocrx_word' id='word_1_70' title='bbox 1331 1178 1440 1260; x_wconf 92' lang='lat' dir='ltr'><strong>Phry-</strong></span> 
     </span>
     <span class='ocr_line' id='line_1_10' title="bbox 196 1287 1440 1380; baseline -0.01 -23"><span class='ocrx_word' id='word_1_71' title='bbox 196 1297 336 1380; x_wconf 85' lang='lat' dir='ltr'><strong>giones.)</strong></span> <span class='ocrx_word' id='word_1_72' title='bbox 357 1294 394 1357; x_wconf 86' lang='lat' dir='ltr'><strong>lr.</strong></span> <span class='ocrx_word' id='word_1_73' title='bbox 418 1313 447 1374; x_wconf 87' lang='lat' dir='ltr'><strong>p.</strong></span> <span class='ocrx_word' id='word_1_74' title='bbox 469 1291 548 1353; x_wconf 79' lang='lat'><strong>268:</strong></span> <span class='ocrx_word' id='word_1_75' title='bbox 565 1293 742 1374; x_wconf 87' lang='lat' dir='ltr'><strong>&#39;,‚Phrygio,</strong></span> <span class='ocrx_word' id='word_1_76' title='bbox 764 1293 816 1374; x_wconf 88' lang='lat' dir='ltr'><strong>qni</strong></span> <span class='ocrx_word' id='word_1_77' title='bbox 838 1293 981 1374; x_wconf 88' lang='lat' dir='ltr'><strong>polvinar</strong></span> <span class='ocrx_word' id='word_1_78' title='bbox 1002 1299 1128 1372; x_wconf 86' lang='lat' dir='ltr'><strong>poterat</strong></span> <span class='ocrx_word' id='word_1_79' title='bbox 1149 1289 1308 1372; x_wconf 81' lang='lat' dir='ltr'><strong>pingere.“</strong></span> <span class='ocrx_word' id='word_1_80' title='bbox 1347 1287 1440 1349; x_wconf 86' lang='lat' dir='ltr'><strong>Serv.</strong></span> 
     </span>
     <span class='ocr_line' id='line_1_11' title="bbox 198 1392 1440 1480; baseline -0.01 -15"><span class='ocrx_word' id='word_1_81' title='bbox 198 1403 239 1465; x_wconf 90' lang='lat' dir='ltr'><strong>ad</strong></span> <span class='ocrx_word' id='word_1_82' title='bbox 264 1405 345 1466; x_wconf 84' lang='lat' dir='ltr'><strong>Aen·</strong></span> <span class='ocrx_word' id='word_1_83' title='bbox 368 1403 427 1480; x_wconf 84' lang='lat' dir='ltr'><strong>xl,</strong></span> <span class='ocrx_word' id='word_1_84' title='bbox 448 1399 525 1464; x_wconf 86' lang='grc'><strong>7773</strong></span> <span class='ocrx_word' id='word_1_85' title='bbox 551 1402 682 1462; x_wconf 71' lang='lat' dir='ltr'><strong>»Pictas</strong></span> <span class='ocrx_word' id='word_1_86' title='bbox 703 1405 832 1461; x_wconf 81' lang='lat' dir='ltr'><strong>tumeas</strong></span> <span class='ocrx_word' id='word_1_87' title='bbox 856 1401 875 1460; x_wconf 88' lang='lat' dir='ltr'><strong>i.</strong></span> <span class='ocrx_word' id='word_1_88' title='bbox 898 1420 926 1461; x_wconf 92' lang='lat' dir='ltr'><strong>e.</strong></span> <span class='ocrx_word' id='word_1_89' title='bbox 948 1399 1084 1461; x_wconf 83' lang='lat' dir='ltr'><strong>habebat</strong></span> <span class='ocrx_word' id='word_1_90' title='bbox 1098 1407 1225 1461; x_wconf 87' lang='lat' dir='ltr'><strong>vestem</strong></span> <span class='ocrx_word' id='word_1_91' title='bbox 1247 1392 1440 1476; x_wconf 75' lang='lat' dir='ltr'><strong>Phrygionis</strong></span> 
     </span>
     <span class='ocr_line' id='line_1_12' title="bbox 197 1504 1440 1591; baseline -0.003 -19"><span class='ocrx_word' id='word_1_92' title='bbox 197 1518 266 1573; x_wconf 91' lang='lat' dir='ltr'><strong>arte</strong></span> <span class='ocrx_word' id='word_1_93' title='bbox 287 1508 492 1591; x_wconf 77' lang='lat' dir='ltr'><strong>perfectama</strong></span> <span class='ocrx_word' id='word_1_94' title='bbox 514 1507 666 1568; x_wconf 79' lang='lat' dir='ltr'><strong>Evander</strong></span> <span class='ocrx_word' id='word_1_95' title='bbox 688 1507 727 1568; x_wconf 90' lang='lat' dir='ltr'><strong>de</strong></span> <span class='ocrx_word' id='word_1_96' title='bbox 750 1507 889 1590; x_wconf 79' lang='lat' dir='ltr'><strong>Priamo,</strong></span> <span class='ocrx_word' id='word_1_97' title='bbox 907 1527 1000 1589; x_wconf 88' lang='lat' dir='ltr'><strong>quern</strong></span> <span class='ocrx_word' id='word_1_98' title='bbox 1011 1506 1067 1566; x_wconf 90' lang='lat' dir='ltr'><strong>vix</strong></span> <span class='ocrx_word' id='word_1_99' title='bbox 1087 1505 1341 1587; x_wconf 73' lang='lat' dir='ltr'><strong>iuvenistvlll,</strong></span> <span class='ocrx_word' id='word_1_100' title='bbox 1358 1504 1440 1580; x_wconf 81' lang='lat'>160.)</span> 
     </span>
     <span class='ocr_line' id='line_1_13' title="bbox 198 1619 765 1699; baseline 0.002 -19"><span class='ocrx_word' id='word_1_101' title='bbox 198 1620 412 1699; x_wconf 82' lang='lat' dir='ltr'><strong>conspexerit,</strong></span> <span class='ocrx_word' id='word_1_102' title='bbox 447 1627 554 1680; x_wconf 85' lang='lat' dir='ltr'><strong>narrat</strong></span> <span class='ocrx_word' id='word_1_103' title='bbox 575 1620 666 1698; x_wconf 90' lang='lat' dir='ltr'><strong>Vlll,</strong></span> <span class='ocrx_word' id='word_1_104' title='bbox 692 1619 765 1681; x_wconf 85' lang='grc'><strong>1663</strong></span> 
     </span>
    </p>

    <p class='ocr_par' dir='ltr' id='par_1_5' title="bbox 279 1727 1183 1804">
     <span class='ocr_line' id='line_1_14' title="bbox 279 1727 1183 1804; baseline -0.002 -19"><span class='ocrx_word' id='word_1_105' title='bbox 279 1727 341 1786; x_wconf 85' lang='lat' dir='ltr'><strong>Ille</strong></span> <span class='ocrx_word' id='word_1_106' title='bbox 362 1728 442 1786; x_wconf 81' lang='lat' dir='ltr'><strong>milri</strong></span> <span class='ocrx_word' id='word_1_107' title='bbox 460 1731 617 1803; x_wconf 81' lang='lat' dir='ltr'><strong>insiynem</strong></span> <span class='ocrx_word' id='word_1_108' title='bbox 637 1728 823 1804; x_wconf 77' lang='lat' dir='ltr'><strong>pharetram</strong></span> <span class='ocrx_word' id='word_1_109' title='bbox 844 1727 1027 1804; x_wconf 80' lang='lat' dir='ltr'><strong>Lycinsyue</strong></span> <span class='ocrx_word' id='word_1_110' title='bbox 1047 1728 1183 1800; x_wconf 82' lang='lat' dir='ltr'><strong>cayittnc</strong></span> 
     </span>
    </p>

    <p class='ocr_par' dir='ltr' id='par_1_6' title="bbox 197 1835 1444 2348">
     <span class='ocr_line' id='line_1_15' title="bbox 277 1835 1253 1914; baseline -0.003 -19"><span class='ocrx_word' id='word_1_111' title='bbox 277 1836 456 1895; x_wconf 79' lang='lat' dir='ltr'><strong>Discedens</strong></span> <span class='ocrx_word' id='word_1_112' title='bbox 478 1835 736 1914; x_wconf 75' lang='lat' dir='ltr'><strong>chlamydemque</strong></span> <span class='ocrx_word' id='word_1_113' title='bbox 758 1854 837 1893; x_wconf 84' lang='lat' dir='ltr'><strong>curo</strong></span> <span class='ocrx_word' id='word_1_114' title='bbox 859 1835 946 1893; x_wconf 82' lang='lat' dir='ltr'><strong>dedit</strong></span> <span class='ocrx_word' id='word_1_115' title='bbox 967 1837 1029 1892; x_wconf 82' lang='lat' dir='ltr'><strong>int</strong></span> <span class='ocrx_word' id='word_1_116' title='bbox 1042 1838 1253 1893; x_wconf 69' lang='lat' dir='ltr'><strong>erterctam.</strong></span> 
     </span>
     <span class='ocr_line' id='line_1_16' title="bbox 199 1938 1441 2022; baseline -0.002 -17"><span class='ocrx_word' id='word_1_117' title='bbox 199 1942 251 2005; x_wconf 87' lang='lat' dir='ltr'><strong>cf.</strong></span> <span class='ocrx_word' id='word_1_118' title='bbox 275 1944 406 2006; x_wconf 85' lang='lat' dir='ltr'><strong>Sueten.</strong></span> <span class='ocrx_word' id='word_1_119' title='bbox 429 1942 533 2007; x_wconf 72' lang='lat' dir='ltr'><strong>&#39;l&#39;iben</strong></span> <span class='ocrx_word' id='word_1_120' title='bbox 553 1942 589 2005; x_wconf 85' lang='grc'><strong>63</strong></span> <span class='ocrx_word' id='word_1_121' title='bbox 610 1943 777 2021; x_wconf 81' lang='lat' dir='ltr'><strong>ohlunera,</strong></span> <span class='ocrx_word' id='word_1_122' title='bbox 799 1941 914 2022; x_wconf 87' lang='lat' dir='ltr'><strong>quibus</strong></span> <span class='ocrx_word' id='word_1_123' title='bbox 937 1938 1100 2018; x_wconf 76' lang='lat' dir='ltr'><strong>[Tiberius</strong></span> <span class='ocrx_word' id='word_1_124' title='bbox 1123 1939 1217 2021; x_wconf 89' lang='lat' dir='ltr'><strong>puer]</strong></span> <span class='ocrx_word' id='word_1_125' title='bbox 1240 1960 1261 2002; x_wconf 88' lang='lat' dir='ltr'><strong>a</strong></span> <span class='ocrx_word' id='word_1_126' title='bbox 1285 1942 1441 2022; x_wconf 80' lang='lat' dir='ltr'><strong>Pompeia</strong></span> 
     </span>
     <span class='ocr_line' id='line_1_17' title="bbox 198 2046 1441 2132; baseline -0.002 -18"><span class='ocrx_word' id='word_1_127' title='bbox 198 2051 292 2114; x_wconf 88' lang='lat' dir='ltr'><strong>Sexti</strong></span> <span class='ocrx_word' id='word_1_128' title='bbox 314 2051 456 2129; x_wconf 90' lang='lat' dir='ltr'><strong>Pompeii</strong></span> <span class='ocrx_word' id='word_1_129' title='bbox 477 2069 587 2111; x_wconf 88' lang='lat' dir='ltr'><strong>sorore</strong></span> <span class='ocrx_word' id='word_1_130' title='bbox 608 2051 639 2111; x_wconf 92' lang='lat' dir='ltr'><strong>in</strong></span> <span class='ocrx_word' id='word_1_131' title='bbox 662 2049 771 2111; x_wconf 86' lang='lat' dir='ltr'><strong>Sicilia</strong></span> <span class='ocrx_word' id='word_1_132' title='bbox 792 2046 927 2109; x_wconf 89' lang='lat' dir='ltr'><strong>donatus</strong></span> <span class='ocrx_word' id='word_1_133' title='bbox 962 2056 1027 2121; x_wconf 87' lang='lat' dir='ltr'><strong>est,</strong></span> <span class='ocrx_word' id='word_1_134' title='bbox 1070 2048 1256 2131; x_wconf 82' lang='lat' dir='ltr'><strong>chlamys</strong></span> <span class='ocrx_word' id='word_1_135' title='bbox 1280 2061 1313 2111; x_wconf 88' lang='lat' dir='ltr'><strong>et</strong></span> <span class='ocrx_word' id='word_1_136' title='bbox 1334 2050 1441 2132; x_wconf 87' lang='lat' dir='ltr'><strong>hbnla,</strong></span> 
     </span>
     <span class='ocr_line' id='line_1_18' title="bbox 198 2157 1444 2237; baseline 0.004 -20"><span class='ocrx_word' id='word_1_137' title='bbox 198 2158 272 2218; x_wconf 86' lang='lat' dir='ltr'><strong>item</strong></span> <span class='ocrx_word' id='word_1_138' title='bbox 295 2157 398 2218; x_wconf 87' lang='lat' dir='ltr'><strong>bullae</strong></span> <span class='ocrx_word' id='word_1_139' title='bbox 421 2178 537 2219; x_wconf 83' lang='lat' dir='ltr'><strong>aureae</strong></span> <span class='ocrx_word' id='word_1_140' title='bbox 560 2157 674 2219; x_wconf 89' lang='lat' dir='ltr'><strong>durant</strong></span> <span class='ocrx_word' id='word_1_141' title='bbox 699 2158 968 2237; x_wconf 72' lang='lat' dir='ltr'><strong>ostendunturque</strong></span> <span class='ocrx_word' id='word_1_142' title='bbox 997 2157 1103 2219; x_wconf 89' lang='lat' dir='ltr'><strong>adhuc</strong></span> <span class='ocrx_word' id='word_1_143' title='bbox 1130 2159 1249 2220; x_wconf 70' lang='lat' dir='ltr'><strong>Baiis«</strong></span> <span class='ocrx_word' id='word_1_144' title='bbox 1294 2160 1444 2222; x_wconf 85' lang='lat' dir='ltr'><strong>Mulie·</strong></span> 
     </span>
     <span class='ocr_line' id='line_1_19' title="bbox 197 2265 1241 2348; baseline 0.003 -20"><span class='ocrx_word' id='word_1_145' title='bbox 197 2266 276 2328; x_wconf 93' lang='lat' dir='ltr'><strong>bris</strong></span> <span class='ocrx_word' id='word_1_146' title='bbox 299 2265 412 2327; x_wconf 88' lang='lat' dir='ltr'><strong>deiude</strong></span> <span class='ocrx_word' id='word_1_147' title='bbox 434 2276 484 2327; x_wconf 90' lang='lat' dir='ltr'><strong>est</strong></span> <span class='ocrx_word' id='word_1_148' title='bbox 505 2266 649 2348; x_wconf 85' lang='lat' dir='ltr'><strong>chlamys</strong></span> <span class='ocrx_word' id='word_1_149' title='bbox 666 2266 820 2346; x_wconf 82' lang='lat' dir='ltr'><strong>rv‚137.,</strong></span> <span class='ocrx_word' id='word_1_150' title='bbox 839 2267 890 2327; x_wconf 91' lang='lat' dir='ltr'><strong>nbi</strong></span> <span class='ocrx_word' id='word_1_151' title='bbox 913 2267 997 2328; x_wconf 90' lang='lat' dir='ltr'><strong>Dido</strong></span> <span class='ocrx_word' id='word_1_152' title='bbox 1019 2267 1241 2347; x_wconf 84' lang='lat' dir='ltr'><strong>progreditur:</strong></span> 
     </span>
    </p>

    <p class='ocr_par' dir='ltr' id='par_1_7' title="bbox 279 2374 1159 2452">
     <span class='ocr_line' id='line_1_20' title="bbox 279 2374 1159 2452; baseline 0 -17"><span class='ocrx_word' id='word_1_153' title='bbox 279 2374 444 2436; x_wconf 77' lang='lat' dir='ltr'><strong>Sidoniam</strong></span> <span class='ocrx_word' id='word_1_154' title='bbox 463 2379 547 2452; x_wconf 77' lang='lat' dir='ltr'><strong>picto</strong></span> <span class='ocrx_word' id='word_1_155' title='bbox 568 2375 766 2452; x_wconf 74' lang='lat' dir='ltr'><strong>chlamydem</strong></span> <span class='ocrx_word' id='word_1_156' title='bbox 787 2377 984 2435; x_wconf 82' lang='lat' dir='ltr'><strong>circumdata</strong></span> <span class='ocrx_word' id='word_1_157' title='bbox 1005 2375 1096 2437; x_wconf 83' lang='lat' dir='ltr'><strong>limbo</strong></span> <span class='ocrx_word' id='word_1_158' title='bbox 1119 2409 1159 2421; x_wconf 90' lang='lat'><em>-</em></span> 
     </span>
    </p>

    <p class='ocr_par' dir='ltr' id='par_1_8' title="bbox 198 2482 1450 3852">
     <span class='ocr_line' id='line_1_21' title="bbox 278 2482 1046 2563; baseline 0.003 -20"><span class='ocrx_word' id='word_1_159' title='bbox 278 2482 390 2543; x_wconf 84' lang='lat' dir='ltr'><strong>Aurea</strong></span> <span class='ocrx_word' id='word_1_160' title='bbox 410 2502 605 2559; x_wconf 83' lang='lat' dir='ltr'><strong>purpuream</strong></span> <span class='ocrx_word' id='word_1_161' title='bbox 626 2486 785 2544; x_wconf 81' lang='lat' dir='ltr'><strong>srrbrrectit</strong></span> <span class='ocrx_word' id='word_1_162' title='bbox 800 2487 899 2563; x_wconf 80' lang='lat' dir='ltr'><strong>fibula</strong></span> <span class='ocrx_word' id='word_1_163' title='bbox 920 2493 1046 2545; x_wconf 81' lang='lat' dir='ltr'><strong>vestem.</strong></span> 
     </span>
     <span class='ocr_line' id='line_1_22' title="bbox 198 2589 1442 2670; baseline 0.003 -18"><span class='ocrx_word' id='word_1_164' title='bbox 198 2589 252 2652; x_wconf 83' lang='lat' dir='ltr'><strong>Ad</strong></span> <span class='ocrx_word' id='word_1_165' title='bbox 273 2589 388 2650; x_wconf 86' lang='lat' dir='ltr'><strong>navale</strong></span> <span class='ocrx_word' id='word_1_166' title='bbox 412 2589 560 2669; x_wconf 88' lang='lat' dir='ltr'><strong>proelium</strong></span> <span class='ocrx_word' id='word_1_167' title='bbox 582 2589 839 2669; x_wconf 88' lang='lat' dir='ltr'><strong>conspiciendum</strong></span> <span class='ocrx_word' id='word_1_168' title='bbox 863 2591 1016 2652; x_wconf 87' lang='lat' dir='ltr'><strong>Claudius</strong></span> <span class='ocrx_word' id='word_1_169' title='bbox 1041 2591 1142 2654; x_wconf 73' lang='lat' dir='ltr'><strong>Tacit.</strong></span> <span class='ocrx_word' id='word_1_170' title='bbox 1171 2593 1252 2654; x_wconf 82' lang='lat' dir='ltr'><strong>Ann.</strong></span> <span class='ocrx_word' id='word_1_171' title='bbox 1274 2594 1357 2670; x_wconf 87' lang='lat' dir='ltr'><strong>xlt,</strong></span> <span class='ocrx_word' id='word_1_172' title='bbox 1387 2594 1442 2656; x_wconf 79' lang='lat'><strong>56:</strong></span> 
     </span>
     <span class='ocr_line' id='line_1_23' title="bbox 200 2695 1445 2783; baseline 0.01 -30"><span class='ocrx_word' id='word_1_173' title='bbox 200 2702 294 2778; x_wconf 71' lang='lat' dir='ltr'><strong>»lpse</strong></span> <span class='ocrx_word' id='word_1_174' title='bbox 324 2697 438 2778; x_wconf 83' lang='lat' dir='ltr'><strong>insigni</strong></span> <span class='ocrx_word' id='word_1_175' title='bbox 467 2695 701 2775; x_wconf 83' lang='lat' dir='ltr'><strong>paludamento,</strong></span> <span class='ocrx_word' id='word_1_176' title='bbox 733 2717 836 2779; x_wconf 89' lang='lat' dir='ltr'><strong>neque</strong></span> <span class='ocrx_word' id='word_1_177' title='bbox 866 2699 975 2776; x_wconf 90' lang='lat' dir='ltr'><strong>procul</strong></span> <span class='ocrx_word' id='word_1_178' title='bbox 1000 2699 1173 2780; x_wconf 88' lang='lat' dir='ltr'><strong>Agrippina</strong></span> <span class='ocrx_word' id='word_1_179' title='bbox 1194 2700 1366 2783; x_wconf 88' lang='lat' dir='ltr'><strong>chlamyde</strong></span> <span class='ocrx_word' id='word_1_180' title='bbox 1385 2720 1445 2764; x_wconf 88' lang='lat' dir='ltr'><strong>au·</strong></span> 
     </span>
     <span class='ocr_line' id='line_1_24' title="bbox 200 2793 1442 2890; baseline 0.006 -25"><span class='ocrx_word' id='word_1_181' title='bbox 200 2814 269 2867; x_wconf 83' lang='lat' dir='ltr'><strong>rata</strong></span> <span class='ocrx_word' id='word_1_182' title='bbox 290 2803 511 2884; x_wconf 67' lang='lat' dir='ltr'><strong>praesederet&lt;</strong></span> <span class='ocrx_word' id='word_1_183' title='bbox 556 2804 617 2864; x_wconf 81' lang='lat' dir='ltr'><strong>Irio</strong></span> <span class='ocrx_word' id='word_1_184' title='bbox 641 2805 712 2876; x_wconf 78' lang='lat' dir='ltr'><strong>LX,</strong></span> <span class='ocrx_word' id='word_1_185' title='bbox 735 2804 795 2867; x_wconf 85' lang='grc'><strong>333</strong></span> <span class='ocrx_word' id='word_1_186' title='bbox 817 2793 972 2885; x_wconf 67' lang='lat' dir='ltr'><strong>Xtapltr</strong></span> <span class='ocrx_word' id='word_1_187' title='bbox 993 2794 1168 2890; x_wconf 75' lang='grc' dir='ltr'><em>διαχρύσῳ.</em></span> <span class='ocrx_word' id='word_1_188' title='bbox 1191 2808 1312 2870; x_wconf 87' lang='lat' dir='ltr'><strong>Plinius</strong></span> <span class='ocrx_word' id='word_1_189' title='bbox 1337 2811 1381 2873; x_wconf 89' lang='lat' dir='ltr'><strong>N.</strong></span> <span class='ocrx_word' id='word_1_190' title='bbox 1402 2811 1442 2872; x_wconf 88' lang='grc' dir='ltr'><strong>Η.</strong></span> 
     </span>
     <span class='ocr_line' id='line_1_25' title="bbox 200 2909 1447 2996; baseline 0.003 -24"><span class='ocrx_word' id='word_1_191' title='bbox 200 2912 367 2990; x_wconf 85' lang='lat' dir='ltr'><strong>xxxltl,</strong></span> <span class='ocrx_word' id='word_1_192' title='bbox 398 2911 446 2971; x_wconf 83' lang='lat'><strong>19.</strong></span> <span class='ocrx_word' id='word_1_193' title='bbox 470 2927 539 2969; x_wconf 85' lang='lat' dir='ltr'><strong>eam</strong></span> <span class='ocrx_word' id='word_1_194' title='bbox 564 2909 723 2970; x_wconf 69' lang='lat' dir='ltr'><strong>”indutam</strong></span> <span class='ocrx_word' id='word_1_195' title='bbox 751 2911 993 2992; x_wconf 84' lang='lat' dir='ltr'><strong>paludamento,</strong></span> <span class='ocrx_word' id='word_1_196' title='bbox 1026 2934 1103 2976; x_wconf 90' lang='lat' dir='ltr'><strong>auro</strong></span> <span class='ocrx_word' id='word_1_197' title='bbox 1133 2915 1252 2996; x_wconf 86' lang='lat' dir='ltr'><strong>textili,</strong></span> <span class='ocrx_word' id='word_1_198' title='bbox 1285 2916 1357 2978; x_wconf 88' lang='lat' dir='ltr'><strong>sine</strong></span> <span class='ocrx_word' id='word_1_199' title='bbox 1387 2917 1447 2978; x_wconf 89' lang='lat' dir='ltr'><strong>alia</strong></span> 
     </span>
     <span class='ocr_line' id='line_1_26' title="bbox 200 3017 1448 3109; baseline 0.003 -28"><span class='ocrx_word' id='word_1_200' title='bbox 200 3019 352 3081; x_wconf 75' lang='lat' dir='ltr'><strong>materiae</strong></span> <span class='ocrx_word' id='word_1_201' title='bbox 370 3017 530 3079; x_wconf 86' lang='lat' dir='ltr'><strong>describit.</strong></span> <span class='ocrx_word' id='word_1_202' title='bbox 552 3017 672 3078; x_wconf 90' lang='lat' dir='ltr'><strong>Verum</strong></span> <span class='ocrx_word' id='word_1_203' title='bbox 686 3019 811 3078; x_wconf 90' lang='lat' dir='ltr'><strong>Nonius</strong></span> <span class='ocrx_word' id='word_1_204' title='bbox 828 3039 955 3101; x_wconf 87' lang='lat' dir='ltr'><strong>qnoque</strong></span> <span class='ocrx_word' id='word_1_205' title='bbox 978 3040 1003 3087; x_wconf 79' lang='lat' dir='ltr'><strong>s.</strong></span> <span class='ocrx_word' id='word_1_206' title='bbox 1029 3042 1060 3087; x_wconf 87' lang='lat' dir='ltr'><strong>v.</strong></span> <span class='ocrx_word' id='word_1_207' title='bbox 1086 3023 1239 3105; x_wconf 86' lang='lat' dir='ltr'><strong>Chlamys</strong></span> <span class='ocrx_word' id='word_1_208' title='bbox 1261 3024 1448 3109; x_wconf 84' lang='lat' dir='ltr'><strong>Vergiliano</strong></span> 
     </span>
     <span class='ocr_line' id='line_1_27' title="bbox 200 3127 1446 3209; baseline 0.004 -20"><span class='ocrx_word' id='word_1_209' title='bbox 200 3128 272 3190; x_wconf 92' lang='lat' dir='ltr'><strong>loco</strong></span> <span class='ocrx_word' id='word_1_210' title='bbox 294 3127 382 3189; x_wconf 87' lang='lat' dir='ltr'><strong>addit</strong></span> <span class='ocrx_word' id='word_1_211' title='bbox 392 3127 527 3188; x_wconf 87' lang='lat' dir='ltr'><strong>Varron.</strong></span> <span class='ocrx_word' id='word_1_212' title='bbox 542 3128 680 3188; x_wconf 89' lang='lat' dir='ltr'><strong>Hercule</strong></span> <span class='ocrx_word' id='word_1_213' title='bbox 702 3128 869 3190; x_wconf 87' lang='lat' dir='ltr'><strong>Socratico</strong></span> <span class='ocrx_word' id='word_1_214' title='bbox 885 3129 920 3192; x_wconf 83' lang='lat' dir='ltr'><strong>ir.</strong></span> <span class='ocrx_word' id='word_1_215' title='bbox 934 3128 1044 3209; x_wconf 66' lang='lat' dir='ltr'><strong>nasa:</strong></span> <span class='ocrx_word' id='word_1_216' title='bbox 1069 3131 1180 3194; x_wconf 80' lang='lat' dir='ltr'><strong>oCubo</strong></span> <span class='ocrx_word' id='word_1_217' title='bbox 1202 3133 1234 3193; x_wconf 92' lang='lat' dir='ltr'><strong>in</strong></span> <span class='ocrx_word' id='word_1_218' title='bbox 1250 3131 1446 3195; x_wconf 86' lang='lat' dir='ltr'><strong>Sardinianis</strong></span> 
     </span>
     <span class='ocr_line' id='line_1_28' title="bbox 201 3228 1445 3322; baseline 0.006 -25"><span class='ocrx_word' id='word_1_219' title='bbox 201 3235 372 3316; x_wconf 84' lang='lat' dir='ltr'><strong>tapetibus,</strong></span> <span class='ocrx_word' id='word_1_220' title='bbox 390 3233 558 3316; x_wconf 79' lang='lat' dir='ltr'><strong>chlamyde</strong></span> <span class='ocrx_word' id='word_1_221' title='bbox 568 3228 681 3306; x_wconf 63' lang='lat' dir='ltr'><strong>tilscd</strong></span> <span class='ocrx_word' id='word_1_222' title='bbox 695 3254 851 3316; x_wconf 86' lang='lat' dir='ltr'><strong>purpurea</strong></span> <span class='ocrx_word' id='word_1_223' title='bbox 863 3239 1025 3300; x_wconf 74' lang='lat' dir='ltr'><strong>amiculae</strong></span> <span class='ocrx_word' id='word_1_224' title='bbox 1048 3239 1197 3302; x_wconf 89' lang='lat' dir='ltr'><strong>Ceterum</strong></span> <span class='ocrx_word' id='word_1_225' title='bbox 1207 3260 1303 3322; x_wconf 89' lang='lat' dir='ltr'><strong>quum</strong></span> <span class='ocrx_word' id='word_1_226' title='bbox 1320 3241 1445 3304; x_wconf 83' lang='lat' dir='ltr'><strong>limbum</strong></span> 
     </span>
     <span class='ocr_line' id='line_1_29' title="bbox 201 3339 1449 3426; baseline 0.006 -23"><span class='ocrx_word' id='word_1_227' title='bbox 201 3341 299 3404; x_wconf 88' lang='lat' dir='ltr'><strong>addat</strong></span> <span class='ocrx_word' id='word_1_228' title='bbox 321 3339 497 3421; x_wconf 82' lang='lat' dir='ltr'><strong>Vergilius,</strong></span> <span class='ocrx_word' id='word_1_229' title='bbox 519 3359 580 3400; x_wconf 93' lang='lat' dir='ltr'><strong>non</strong></span> <span class='ocrx_word' id='word_1_230' title='bbox 603 3340 811 3402; x_wconf 89' lang='lat' dir='ltr'><strong>obliviscendi</strong></span> <span class='ocrx_word' id='word_1_231' title='bbox 833 3352 925 3404; x_wconf 87' lang='lat' dir='ltr'><strong>erunt</strong></span> <span class='ocrx_word' id='word_1_232' title='bbox 949 3362 966 3401; x_wconf 91' lang='lat' dir='ltr'><strong>c</strong></span> <span class='ocrx_word' id='word_1_233' title='bbox 990 3345 1095 3406; x_wconf 90' lang='lat' dir='ltr'><strong>Plauti</strong></span> <span class='ocrx_word' id='word_1_234' title='bbox 1117 3346 1222 3410; x_wconf 86' lang='lat' dir='ltr'><strong>Aulul.</strong></span> <span class='ocrx_word' id='word_1_235' title='bbox 1245 3348 1309 3426; x_wconf 83' lang='grc' dir='ltr'>ΙΙΙ,</span> <span class='ocrx_word' id='word_1_236' title='bbox 1333 3349 1371 3423; x_wconf 84' lang='grc'><strong>5,</strong></span> <span class='ocrx_word' id='word_1_237' title='bbox 1395 3347 1449 3410; x_wconf 81' lang='lat'><strong>45:</strong></span> 
     </span>
     <span class='ocr_line' id='line_1_30' title="bbox 205 3448 1450 3532; baseline 0.01 -28"><span class='ocrx_word' id='word_1_238' title='bbox 205 3455 379 3526; x_wconf 76' lang='lat' dir='ltr'><strong>memores,</strong></span> <span class='ocrx_word' id='word_1_239' title='bbox 401 3449 585 3508; x_wconf 78' lang='lat' dir='ltr'><strong>limbulariiu</strong></span> <span class='ocrx_word' id='word_1_240' title='bbox 610 3459 642 3508; x_wconf 85' lang='lat' dir='ltr'><strong>et</strong></span> <span class='ocrx_word' id='word_1_241' title='bbox 664 3448 838 3510; x_wconf 86' lang='lat' dir='ltr'><strong>Maeander</strong></span> <span class='ocrx_word' id='word_1_242' title='bbox 858 3451 919 3527; x_wconf 89' lang='lat' dir='ltr'><strong>ille,</strong></span> <span class='ocrx_word' id='word_1_243' title='bbox 953 3471 1044 3532; x_wconf 92' lang='lat' dir='ltr'><strong>quern</strong></span> <span class='ocrx_word' id='word_1_244' title='bbox 1066 3453 1151 3514; x_wconf 92' lang='lat' dir='ltr'><strong>illico</strong></span> <span class='ocrx_word' id='word_1_245' title='bbox 1173 3454 1310 3516; x_wconf 87' lang='lat' dir='ltr'><strong>audituri</strong></span> <span class='ocrx_word' id='word_1_246' title='bbox 1331 3473 1450 3518; x_wconf 85' lang='lat' dir='ltr'><strong>sumus</strong></span> 
     </span>
     <span class='ocr_line' id='line_1_31' title="bbox 203 3554 1449 3635; baseline 0.005 -17"><span class='ocrx_word' id='word_1_247' title='bbox 203 3555 329 3618; x_wconf 91' lang='lat' dir='ltr'><strong>Nouius</strong></span> <span class='ocrx_word' id='word_1_248' title='bbox 356 3563 454 3631; x_wconf 84' lang='lat' dir='ltr'><strong>errat,</strong></span> <span class='ocrx_word' id='word_1_249' title='bbox 487 3556 539 3635; x_wconf 93' lang='lat' dir='ltr'><strong>qni</strong></span> <span class='ocrx_word' id='word_1_250' title='bbox 568 3554 695 3614; x_wconf 89' lang='lat' dir='ltr'><strong>limbum</strong></span> <span class='ocrx_word' id='word_1_251' title='bbox 725 3557 875 3618; x_wconf 90' lang='lat' dir='ltr'><strong>muliebre</strong></span> <span class='ocrx_word' id='word_1_252' title='bbox 903 3560 1128 3620; x_wconf 86' lang='lat' dir='ltr'><strong>vestimentum</strong></span> <span class='ocrx_word' id='word_1_253' title='bbox 1152 3560 1253 3622; x_wconf 85' lang='lat' dir='ltr'><strong>fuisse</strong></span> <span class='ocrx_word' id='word_1_254' title='bbox 1278 3565 1449 3626; x_wconf 79' lang='lat' dir='ltr'><strong>existimat</strong></span> 
     </span>
     <span class='ocr_line' id='line_1_32' title="bbox 205 3661 1450 3748; baseline 0.009 -26"><span class='ocrx_word' id='word_1_255' title='bbox 205 3663 313 3722; x_wconf 87' lang='lat' dir='ltr'><strong>Animi</strong></span> <span class='ocrx_word' id='word_1_256' title='bbox 334 3681 432 3724; x_wconf 89' lang='lat' dir='ltr'><strong>causa</strong></span> <span class='ocrx_word' id='word_1_257' title='bbox 454 3661 537 3722; x_wconf 86' lang='lat' dir='ltr'><strong>addo</strong></span> <span class='ocrx_word' id='word_1_258' title='bbox 561 3662 695 3722; x_wconf 87' lang='lat' dir='ltr'><strong>Varron.</strong></span> <span class='ocrx_word' id='word_1_259' title='bbox 724 3662 755 3722; x_wconf 92' lang='lat' dir='ltr'><strong>in</strong></span> <span class='ocrx_word' id='word_1_260' title='bbox 782 3663 1003 3745; x_wconf 84' lang='lat' dir='ltr'><strong>Logistorico,</strong></span> <span class='ocrx_word' id='word_1_261' title='bbox 1037 3669 1088 3748; x_wconf 91' lang='lat' dir='ltr'><strong>qui</strong></span> <span class='ocrx_word' id='word_1_262' title='bbox 1116 3669 1299 3731; x_wconf 86' lang='lat' dir='ltr'><strong>inscribitur</strong></span> <span class='ocrx_word' id='word_1_263' title='bbox 1327 3672 1450 3734; x_wconf 85' lang='lat' dir='ltr'><strong>Delium</strong></span> 
     </span>
     <span class='ocr_line' id='line_1_33' title="bbox 207 3767 1031 3852; baseline 0.01 -25"><span class='ocrx_word' id='word_1_264' title='bbox 207 3767 319 3847; x_wconf 91' lang='lat' dir='ltr'><strong>(Prob.</strong></span> <span class='ocrx_word' id='word_1_265' title='bbox 343 3767 384 3828; x_wconf 86' lang='lat' dir='ltr'><strong>ad</strong></span> <span class='ocrx_word' id='word_1_266' title='bbox 409 3769 509 3851; x_wconf 87' lang='lat' dir='ltr'><strong>Verg.</strong></span> <span class='ocrx_word' id='word_1_267' title='bbox 534 3769 645 3849; x_wconf 83' lang='lat' dir='ltr'><strong>Eclog.</strong></span> <span class='ocrx_word' id='word_1_268' title='bbox 667 3770 724 3843; x_wconf 90' lang='lat' dir='ltr'><strong>Vl,</strong></span> <span class='ocrx_word' id='word_1_269' title='bbox 749 3768 819 3849; x_wconf 86' lang='grc'><strong>31.)</strong></span> <span class='ocrx_word' id='word_1_270' title='bbox 840 3770 878 3832; x_wconf 84' lang='lat' dir='ltr'><strong>fr.</strong></span> <span class='ocrx_word' id='word_1_271' title='bbox 899 3792 930 3852; x_wconf 94' lang='lat' dir='ltr'><strong>p.</strong></span> <span class='ocrx_word' id='word_1_272' title='bbox 951 3773 1031 3836; x_wconf 75' lang='lat'><strong>270:</strong></span> 
     </span>
    </p>

    <p class='ocr_par' dir='ltr' id='par_1_9' title="bbox 290 3875 1246 4181">
     <span class='ocr_line' id='line_1_34' title="bbox 352 3875 1022 3958; baseline 0.012 -24"><span class='ocrx_word' id='word_1_273' title='bbox 352 3875 493 3938; x_wconf 87' lang='lat' dir='ltr'><strong>Mundus</strong></span> <span class='ocrx_word' id='word_1_274' title='bbox 518 3877 629 3938; x_wconf 90' lang='lat' dir='ltr'><strong>domus</strong></span> <span class='ocrx_word' id='word_1_275' title='bbox 653 3886 702 3939; x_wconf 87' lang='lat' dir='ltr'><strong>est</strong></span> <span class='ocrx_word' id='word_1_276' title='bbox 724 3881 861 3941; x_wconf 90' lang='lat' dir='ltr'><strong>maxima</strong></span> <span class='ocrx_word' id='word_1_277' title='bbox 882 3880 1022 3958; x_wconf 91' lang='lat' dir='ltr'><strong>homulli,</strong></span> 
     </span>
     <span class='ocr_line' id='line_1_35' title="bbox 290 3982 1030 4067; baseline 0.007 -23"><span class='ocrx_word' id='word_1_278' title='bbox 290 3982 395 4061; x_wconf 84' lang='lat' dir='ltr'><strong>Quam</strong></span> <span class='ocrx_word' id='word_1_279' title='bbox 417 3984 555 4065; x_wconf 88' lang='lat' dir='ltr'><strong>quinque</strong></span> <span class='ocrx_word' id='word_1_280' title='bbox 576 3984 727 4045; x_wconf 90' lang='lat' dir='ltr'><strong>altitonae</strong></span> <span class='ocrx_word' id='word_1_281' title='bbox 747 3986 903 4067; x_wconf 76' lang='lat' dir='ltr'><strong>fragmine</strong></span> <span class='ocrx_word' id='word_1_282' title='bbox 924 4007 1030 4049; x_wconf 86' lang='lat' dir='ltr'><strong>zonae</strong></span> 
     </span>
     <span class='ocr_line' id='line_1_36' title="bbox 293 4093 1246 4181; baseline 0.006 -24"><span class='ocrx_word' id='word_1_283' title='bbox 293 4093 442 4175; x_wconf 81' lang='lat' dir='ltr'><strong>Cingunt,</strong></span> <span class='ocrx_word' id='word_1_284' title='bbox 462 4113 518 4172; x_wconf 89' lang='lat' dir='ltr'><strong>per</strong></span> <span class='ocrx_word' id='word_1_285' title='bbox 542 4113 633 4174; x_wconf 88' lang='lat' dir='ltr'><strong>quam</strong></span> <span class='ocrx_word' id='word_1_286' title='bbox 657 4095 802 4155; x_wconf 89' lang='lat' dir='ltr'><strong>limbus</strong></span> <span class='ocrx_word' id='word_1_287' title='bbox 823 4097 961 4176; x_wconf 86' lang='lat' dir='ltr'><strong>pictus</strong></span> <span class='ocrx_word' id='word_1_288' title='bbox 982 4097 1030 4157; x_wconf 91' lang='lat' dir='ltr'><strong>bis</strong></span> <span class='ocrx_word' id='word_1_289' title='bbox 1052 4115 1113 4159; x_wconf 88' lang='lat' dir='ltr'><strong>sex</strong></span> <span class='ocrx_word' id='word_1_290' title='bbox 1134 4098 1246 4181; x_wconf 83' lang='lat' dir='ltr'><strong>signis.</strong></span> 
     </span>
    </p>
   </div>
   <div class='ocr_carea' id='block_1_3' title="bbox 210 4230 1455 4629">
    <p class='ocr_par' dir='ltr' id='par_1_10' title="bbox 210 4230 1455 4524">
     <span class='ocr_line' id='line_1_37' title="bbox 211 4230 1455 4312; baseline 0.002 -19"><span class='ocrx_word' id='word_1_291' title='bbox 211 4230 408 4311; x_wconf 87' lang='lat' dir='ltr'><strong>Saepissime</strong></span> <span class='ocrx_word' id='word_1_292' title='bbox 437 4245 514 4287; x_wconf 86' lang='lat' dir='ltr'><strong>vero</strong></span> <span class='ocrx_word' id='word_1_293' title='bbox 548 4230 728 4290; x_wconf 86' lang='lat' dir='ltr'><strong>militare</strong></span> <span class='ocrx_word' id='word_1_294' title='bbox 750 4230 975 4290; x_wconf 88' lang='lat' dir='ltr'><strong>vestimentum</strong></span> <span class='ocrx_word' id='word_1_295' title='bbox 999 4230 1143 4310; x_wconf 87' lang='lat' dir='ltr'><strong>chlamys</strong></span> <span class='ocrx_word' id='word_1_296' title='bbox 1165 4232 1306 4312; x_wconf 85' lang='lat' dir='ltr'><strong>putanda</strong></span> <span class='ocrx_word' id='word_1_297' title='bbox 1327 4235 1398 4308; x_wconf 78' lang='lat' dir='ltr'><strong>erit,</strong></span> <span class='ocrx_word' id='word_1_298' title='bbox 1419 4232 1455 4296; x_wconf 85' lang='lat' dir='ltr'><strong>iis</strong></span> 
     </span>
     <span class='ocr_line' id='line_1_38' title="bbox 210 4329 1455 4424; baseline 0.006 -28"><span class='ocrx_word' id='word_1_299' title='bbox 210 4338 398 4418; x_wconf 88' lang='lat' dir='ltr'><strong>pracsertim</strong></span> <span class='ocrx_word' id='word_1_300' title='bbox 416 4329 508 4416; x_wconf 90' lang='lat' dir='ltr'><strong>locis,</strong></span> <span class='ocrx_word' id='word_1_301' title='bbox 531 4335 643 4415; x_wconf 89' lang='lat' dir='ltr'><strong>quibus</strong></span> <span class='ocrx_word' id='word_1_302' title='bbox 666 4337 696 4397; x_wconf 92' lang='lat' dir='ltr'><strong>in</strong></span> <span class='ocrx_word' id='word_1_303' title='bbox 718 4338 814 4399; x_wconf 88' lang='lat' dir='ltr'><strong>armis</strong></span> <span class='ocrx_word' id='word_1_304' title='bbox 836 4337 891 4398; x_wconf 89' lang='lat' dir='ltr'><strong>vel</strong></span> <span class='ocrx_word' id='word_1_305' title='bbox 913 4338 1032 4419; x_wconf 92' lang='lat' dir='ltr'><strong>proelio</strong></span> <span class='ocrx_word' id='word_1_306' title='bbox 1055 4337 1153 4400; x_wconf 89' lang='lat' dir='ltr'><strong>duces</strong></span> <span class='ocrx_word' id='word_1_307' title='bbox 1175 4339 1358 4424; x_wconf 88' lang='lat' dir='ltr'><strong>militesque</strong></span> <span class='ocrx_word' id='word_1_308' title='bbox 1378 4359 1455 4405; x_wconf 88' lang='lat' dir='ltr'><strong>con·</strong></span> 
     </span>
     <span class='ocr_line' id='line_1_39' title="bbox 210 4437 704 4524; baseline -0.004 -20"><span class='ocrx_word' id='word_1_309' title='bbox 210 4444 382 4524; x_wconf 90' lang='lat' dir='ltr'><strong>spiciuntur</strong></span> <span class='ocrx_word' id='word_1_310' title='bbox 403 4457 437 4501; x_wconf 86' lang='lat' dir='ltr'><strong>v.</strong></span> <span class='ocrx_word' id='word_1_311' title='bbox 460 4458 492 4522; x_wconf 86' lang='lat' dir='ltr'><strong>g.</strong></span> <span class='ocrx_word' id='word_1_312' title='bbox 515 4437 605 4518; x_wconf 86' lang='lat' dir='ltr'><strong>VllI,</strong></span> <span class='ocrx_word' id='word_1_313' title='bbox 627 4439 704 4502; x_wconf 78' lang='grc'><strong>5883</strong></span> 
     </span>
    </p>

    <p class='ocr_par' dir='ltr' id='par_1_11' title="bbox 751 4552 1233 4629">
     <span class='ocr_line' id='line_1_40' title="bbox 751 4552 1233 4629; baseline 0.012 -21"><span class='ocrx_word' id='word_1_314' title='bbox 751 4583 754 4588; x_wconf 90' lang='grc'><strong>-</strong></span> <span class='ocrx_word' id='word_1_315' title='bbox 874 4552 950 4627; x_wconf 84' lang='lat' dir='ltr'><strong>lyae</strong></span> <span class='ocrx_word' id='word_1_316' title='bbox 972 4559 1098 4629; x_wconf 76' lang='lat' dir='ltr'><strong>cymino</strong></span> <span class='ocrx_word' id='word_1_317' title='bbox 1118 4553 1233 4617; x_wconf 81' lang='lat' dir='ltr'><strong>Pallas</strong></span> 
     </span>
    </p>
   </div>
   <div class='ocr_carea' id='block_1_4' title="bbox 211 4657 1232 4845">
    <p class='ocr_par' dir='ltr' id='par_1_12' title="bbox 211 4657 1232 4845">
     <span class='ocr_line' id='line_1_41' title="bbox 292 4657 1232 4736; baseline 0.004 -18"><span class='ocrx_word' id='word_1_318' title='bbox 292 4660 333 4718; x_wconf 84' lang='lat' dir='ltr'><strong>In</strong></span> <span class='ocrx_word' id='word_1_319' title='bbox 355 4662 463 4732; x_wconf 80' lang='lat' dir='ltr'><strong>rnedio,</strong></span> <span class='ocrx_word' id='word_1_320' title='bbox 490 4657 657 4732; x_wconf 74' lang='lat' dir='ltr'><strong>chlamyde</strong></span> <span class='ocrx_word' id='word_1_321' title='bbox 679 4661 711 4713; x_wconf 87' lang='lat' dir='ltr'><strong>et</strong></span> <span class='ocrx_word' id='word_1_322' title='bbox 727 4659 825 4731; x_wconf 81' lang='lat' dir='ltr'><strong>pictis</strong></span> <span class='ocrx_word' id='word_1_323' title='bbox 849 4667 1038 4736; x_wconf 82' lang='lat' dir='ltr'><strong>conspectus</strong></span> <span class='ocrx_word' id='word_1_324' title='bbox 1062 4664 1096 4720; x_wconf 83' lang='lat' dir='ltr'><strong>in</strong></span> <span class='ocrx_word' id='word_1_325' title='bbox 1121 4665 1232 4723; x_wconf 69' lang='lat' dir='ltr'><strong>omnm.</strong></span> 
     </span>
     <span class='ocr_line' id='line_1_42' title="bbox 211 4766 371 4845; baseline 0.006 -19"><span class='ocrx_word' id='word_1_326' title='bbox 211 4766 272 4845; x_wconf 84' lang='grc' dir='ltr'><strong>ΙΧ,</strong></span> <span class='ocrx_word' id='word_1_327' title='bbox 293 4767 371 4827; x_wconf 82' lang='grc'><strong>5813</strong></span> 
     </span>
    </p>
   </div>
   <div class='ocr_carea' id='block_1_5' title="bbox 0 0 1528 5234">
    <p class='ocr_par' dir='ltr' id='par_1_13' title="bbox 0 0 1528 5234">
     <span class='ocr_line' id='line_1_43' title="bbox 0 0 1528 5234; baseline 0 0"><span class='ocrx_word' id='word_1_328' title='bbox 0 0 1528 5234; x_wconf 95' lang='lat' dir='ltr'><strong> </strong></span> 
     </span>
    </p>
   </div>
  </div>
 </body>
</html>
