3022 5234
147 234 190 296 98
491 230 546 294 lie
569 229 730 313 vigiliis
753 229 1030 312 excubiisque.

137 413 298 491 x1‚915:

220 524 399 586 Considunt
418 526 535 583 caetris
556 529 631 583 orote
649 524 758 584 urbem
778 528 811 584 et
827 526 950 583 moenio
971 525 1142 584 collant.

136 631 209 694 Alia
229 631 350 692 ratione
371 626 680 710 Vergilius'Georg.
700 630 750 703 11,
773 627 824 698 25,
847 639 1016 701 memorat:

219 739 485 819 condendasque
505 741 630 800 sudes
650 745 681 798 et
701 745 794 799 acuto
820 740 929 799 robore
948 739 1094 799 calloo.

75 888 78 893 ,
137 844 191 906 ubi
213 845 349 908 Servius
371 843 603 919 animadvertit,
623 851 659 904 et
679 844 784 905 vallos
807 853 838 906 et
866 843 965 906 sudes
986 845 1070 906 idem
1094 861 1176 905 esse.
1219 843 1381 927 vegetius

136 952 650 1035 veropraeotpit.fossam1,2t:
673 953 798 1031 „Supra
821 971 914 1033 quarn
939 953 1038 1014 sudes
1060 952 1101 1014 de
1123 951 1217 1033 lignis
1238 953 1381 1014 tortissi-

135 1064 214 1143 mis,
250 1081 332 1144 quas
353 1062 469 1125 milites
492 1054 618 1142 portare
641 1069 896 1137 consueverunt,
932 1057 1183 1142 praefiguntur.·“
1225 1060 1279 1129 Ad
1300 1075 1381 1140 quas

132 1181 238 1235 umen
259 1189 474 1252 nequaquem,
495 1179 528 1232 ut
547 1170 620 1231 olim
641 1174 744 1252 retiar,
766 1171 938 1250 pertinere,
967 1190 1051 1251 quoe
1067 1173 1116 1233 Χ]
1128 1214 1138 1250 ,
1160 1167 1231 1230 473.
1254 1189 1380 1235 memo-

132 1289 237 1340 rantur
258 1281 365 1359 oudeo,
388 1286 500 1358 postea
522 1277 708 1338 videbimus.
750 1279 910 1356 Septenos
932 1280 1033 1339 vallos
1051 1279 1179 1362 militem
1199 1283 1232 1338 et
1246 1280 1377 1360 triginta

105 1368 108 1373 Ι
133 1389 253 1452 dierum
277 1388 470 1455 frumentum
489 1389 573 1452 ferre
589 1391 697 1471 Scipio
715 1391 886 1453 Africanus
908 1396 1027 1472 coegit.
1068 1395 1193 1454 Iniuste
1213 1391 1272 1452 sat
1284 1392 1378 1470 foece

132 1518 264 1580 carpere
285 1502 369 1560 viem
393 1499 560 1581 Vergilius
583 1501 635 1560 ait.
657 1533 697 1544 -
722 1499 842 1576 Quarto
865 1500 936 1560 loco
960 1500 1125 1560 incastris
1147 1500 1375 1560 stativismu-

131 1624 199 1666 rus
221 1614 289 1668 erat
311 1606 541 1688 aedificandus,
564 1610 628 1687 qui,
651 1626 744 1686 quum
766 1607 929 1667 castellum
942 1609 1074 1669 Aeneae
1096 1607 1175 1666 inter
1196 1617 1374 1667 castrorum

131 1721 163 1772 et
195 1712 299 1792 oppidi
328 1715 497 1794 imaginem
533 1714 623 1794 quasi
654 1712 787 1773 medinm
821 1713 961 1793 speciem
997 1720 1123 1792 teneat,
1158 1712 1187 1772 in
1222 1710 1377 1774 Aeneidis

129 1819 216 1880 libris
242 1822 468 1900 posterioribus
501 1823 651 1902 frequens
678 1831 744 1892 est,
778 1821 986 1903 singulosque
1009 1820 1173 1882 memorari
1193 1820 1284 1880 locos
1312 1838 1372 1878 non
1407 1901 1409 1904 y

128 1946 274 1990 necesse.
316 1928 394 1990 lllud
418 1949 512 1991 unum
542 1930 802 2010 observaverim,
835 1951 895 1990 non
928 1932 972 1991 ita
1007 1931 1070 1990 alta
1097 1929 1177 1990 hacc
1207 1928 1374 1990 moeniae

127 2044 224 2115 poeta
246 2037 392 2117 cogitari,
415 2037 526 2118 Lycus
546 2038 628 2099 enim
654 2039 714 2116 tx,
735 2037 806 2099 557.
828 2039 909 2098 inter
930 2039 1032 2098 hostis
1336 2021 1342 2032 ’

211 2143 302 2204 Inter
321 2151 355 2205 et
369 2165 461 2206 urum
479 2147 563 2225 supa
583 2165 691 2205 muros
712 2152 797 2206 tenet
816 2146 943 2224 altoque
962 2151 1061 2205 certat

210 2230 375 2315 Prendere
395 2260 478 2314 teoto
498 2273 596 2314 monn
617 2261 799 2332 sociumque
821 2254 1145 2328 otttnperedeetros.

128 2376 171 2420 ex
192 2377 254 2440 qno
276 2377 315 2421 ea
334 2357 497 2420 duodecim
520 2359 559 2420 ed
581 2378 735 2420 summum
769 2358 883 2438 pedum
913 2359 1014 2418 inisse
1035 2358 1143 2438 possis
1164 2354 1372 2419 coniectando

29 2537 32 2542 ,
128 2466 287 2550 augurari.
330 2468 503 2528 Praeterea
525 2475 655 2528 turres
677 2484 804 2546 quoque
826 2466 887 2544 lx,
911 2466 971 2538 tu,
991 2469 1293 2546 propugnacula
1315 2467 1373 2537 IX,

115 2580 200 2644 Ι174).
220 2580 303 2661 664.,
323 2590 468 2663 pontes
489 2582 555 2664 tx,
582 2581 649 2646 170.
673 2589 884 2662 portasque
906 2579 995 2658 addi,
1031 2600 1088 2661 por
1109 2599 1146 2640 se
1167 2574 1369 2640 manifestum

129 2697 188 2750 est.
232 2690 331 2751 Ducis
355 2698 387 2750 et
409 2688 572 2752 ductorum
594 2690 692 2752 aedes
714 2690 767 2750 vel
788 2690 922 2749 tentoria
943 2686 983 2748 ad
1012 2687 1216 2767 praetorii
1238 2679 1372 2747 Romani

130 2796 283 2858 rationem
305 2799 334 2857 in
356 2797 459 2858 medio
480 2799 613 2860 castello
635 2810 709 2860 surrt
728 2800 846 2878 posita;
875 2796 960 2857 unde
982 2797 1133 2871 1x‚ttu:

213 2904 311 2965 Stant
331 2906 434 2981 lomois
457 2906 573 2967 oduini
593 2909 698 2966 bostis
718 2915 750 2966 et
769 2913 863 2966 route
885 2912 1029 2965 tenentes

214 3012 399 3073 Castrorum
420 3022 452 3074 et
472 3022 576 3094 compi
597 3019 704 3077 medio.

694 3250 726 3340 o·
751 3258 810 3352 ⁴⁵„

487 3408 546 3463 lte
563 3409 719 3479 vigiliis
738 3413 1017 3480 excubiisque.

215 3579 428 3649 Romanorum
451 3582 491 3645 dc
512 3584 631 3672 vigiliis
654 3590 817 3650 nocturnis
838 3609 943 3652 curem
965 3591 1100 3671 amplius
1123 3590 1290 3674 descripsit
1306 3593 1372 3654 Po·

132 3690 237 3773 lybius
260 3691 291 3751 V
294 3693 318 3774 l,
340 3690 390 3753 35.
412 3710 480 3774 sq.,
504 3692 632 3756 brevius
655 3691 814 3776 Vegetins
836 3699 890 3771 111,
915 3698 951 3760 8:
997 3699 1057 3777 „ln
1087 3707 1232 3780 quattuor
1263 3706 1370 3773 portes

133 3796 173 3857 ad
196 3792 396 3878 clepsydram
419 3810 492 3860 sunt
518 3799 640 3861 divisae
662 3802 806 3884 vigiliae,
845 3812 879 3863 ut
910 3824 970 3864 non
1003 3807 1134 3885 amplius
1158 3824 1250 3887 quam
1270 3806 1371 3868 tribus

28 3944 31 3948 ›
132 3905 217 3968 horis
252 3910 411 3972 nocturnis
447 3929 581 3972 necesse
611 3912 653 3971 sit
682 3914 826 3994 vigilare.
871 3916 899 3975 A
928 3917 1066 3978 tubicine
1098 3931 1206 3977 ornnes
1238 3917 1370 4001 vigilios

132 4019 386 4098 committuntur,
416 4028 449 4080 et
471 4019 564 4080 linitis
586 4019 670 4080 boris
691 4039 710 4080 a
734 4022 891 4082 cornicine
913 4033 1115 4084 revocantur.
1158 4023 1295 4086 idoneos
1320 4038 1371 4086 ta·

132 4139 204 4181 men
233 4122 346 4183 tribuni
375 4134 408 4187 et
436 4126 677 4206 probatissimos
705 4129 842 4208 eligunt,
878 4133 929 4210 qui
961 4134 1087 4212 vigilias
1117 4133 1311 4194 circumeant
1340 4143 1371 4195 et

130 4231 328 4310 renuntient,
362 4232 390 4292 si
419 4250 479 4312 qun
508 4237 671 4296 emerserit
700 4239 791 4318 culpa
821 4271 860 4281 -
890 4271 930 4282 -
966 4239 1137 4301 Sciendum
1174 4249 1281 4303 tamen
1310 4253 1372 4318 cst,

36 4330 38 4335 ’
131 4339 254 4419 equites
286 4348 377 4401 extra
407 4344 526 4403 vallum
556 4355 726 4406 nocturnes
762 4348 913 4410 excubias
948 4349 1055 4411 facere
1087 4350 1230 4415 debere«
1274 4349 1371 4430 Apud

129 4444 308 4530 Vergilium
331 4446 419 4509 locus
441 4439 575 4532 insignis
596 4469 646 4514 est
662 4454 727 4523 tx,
754 4453 812 4514 159
833 4485 874 4498 ·—
899 4457 983 4532 175„
1011 4457 1188 4520 differentia
1219 4477 1281 4519 non
1308 4459 1372 4521 levi

57 4617 59 4621 ,
127 4554 208 4616 inter
232 4554 368 4621 Rutulos
387 4557 552 4641 Troasque
573 4569 702 4622 statuta.
745 4563 791 4623 llli
814 4565 894 4630 enim
918 4567 1020 4627 minus
1043 4571 1126 4629 cauti
1143 4568 1224 4628 mille
1247 4575 1369 4630 tentum

129 4662 377 4742 quadringentos
399 4655 513 4748 vigiles
535 4669 738 4739 constituunt,
763 4680 795 4732 et
815 4674 1065 4752 quattuordecim
1083 4676 1297 4756 centuriones,
1320 4676 1372 4756 qui

129 4784 239 4827 omrres
262 4787 319 4848 per
340 4772 495 4852 integram
517 4784 640 4838 noctem
661 4781 766 4838 somrri
788 4780 1040 4860 sint'expertes:
