3022 5234
218 249 278 329 188
468 246 526 312 lle
548 240 671 332 lasso,
701 247 803 324 mola
825 242 962 330 ηιμ,
983 250 1093 331 tqro,
1117 240 1227 305 libis.
1345 344 1348 349 ,

216 432 279 494 Vll
316 427 391 493 1⁷5:

284 475 369 600 'Hoc
388 541 490 598 sacris
510 537 601 621 sedec
623 536 744 621 cpolin
766 535 818 607 bio
840 537 939 611 ariete
961 544 1053 611 cetero

298 652 467 732 Perpelqiar
486 648 574 733 pplitr‘
589 654 700 735 pqlras
722 649 886 732 concidere
906 649 1035 728 menreb,

773 878 806 907 ‚.
830 826 881 889 ct.

461 961 521 1015 lle
539 957 671 1037 farre,
695 821 807 1030 μοῑῖ
824 960 955 1026 salsa,
973 962 1083 1028 ture,
1103 957 1209 1024 llbls.

299 1104 394 1184 Quae
416 1102 508 1165 modo
530 1103 709 1163 nominatae
729 1109 803 1165 sunt
825 1101 951 1184 fruges,
972 1102 1084 1181 partim
1111 1101 1217 1181 solae,
1248 1102 1362 1180 partim
1391 1077 1456 1164 cum

215 1213 284 1276 aliis
305 1212 472 1274 sacrificiis
492 1212 678 1272 coniunctae
700 1209 897 1273 adhibentur.
922 1211 1053 1271 ,Notatu
1068 1193 1199 1291 dignum
1221 1213 1372 1285 ootpiom
1386 1213 1450 1288 for,

215 1340 276 1401 quo
297 1318 429 1379 ludibria
457 1319 559 1381 coctis
597 1317 783 1398 somniaque
821 1315 962 1377 inlausta
1000 1317 1134 1387 lustrare
1168 1317 1321 1379 solebant
1374 1318 1450 1380 Rem

215 1428 355 1489 declarat
377 1425 517 1487 Tibullus
546 1426 608 1497 ΙΙΙ,
647 1424 725 1487 419:
1203 1440 1204 1443 ’

294 1538 336 1598 Elt
355 1545 463 1596 notum
484 1537 514 1597 iu
545 1554 640 1599 curas
660 1534 820 1596 hominurn
853 1539 956 1616 genus
979 1535 1084 1595 cmirra
1105 1536 1210 1597 noctis

359 1646 480 1706 ‚Patre
499 1645 551 1725 pio
572 1646 699 1725 placant
719 1656 752 1705 at
772 1643 905 1704 saliente
926 1641 1003 1703 sale.

131 1822 135 1830 ,
214 1754 346 1819 Plautus
371 1753 524 1833 Amphitr.
545 1753 588 1833 ll,
609 1751 639 1821 2,
668 1751 740 1812 106:

271 1907 281 1932 ,μ
296 1847 398 1926 uoco
422 1860 507 1938 dicit,
529 1868 563 1938 ut
584 1858 806 1938 commeminit,
828 1857 988 1918 somnium
1011 1868 1118 1920 narrat
1138 1860 1201 1922 tibi.

297 1966 365 2030 Sed
386 1967 505 2047 mulier,
529 1975 697 2046 postquam
721 1973 909 2044 experrecta
932 1973 992 2040 ast,
1014 1966 1186 2047 prodigiali.
1204 1969 1272 2036 lovi

297 2077 362 2136 Aut
384 2076 466 2152 mola
487 2076 574 2135 salsa
598 2078 652 2134 cut
674 2080 743 2131 ture
767 2079 1003 2150 comprecatam
1024 2075 1169 2153 oportuit.

215 2185 359 2264 Apparet
380 2185 487 2263 itaque
508 2183 592 2243 farre
616 2182 667 2260 pio
691 2197 761 2242 cum
797 2183 887 2258 sale,
920 2179 950 2240 id
978 2189 1028 2240 est
1057 2181 1140 2242 mola
1165 2182 1282 2261 salsa,
1319 2183 1371 2242 vel
1395 2180 1467 2243 ture

93 2310 96 2314 ’
214 2292 290 2352 talia
321 2291 452 2351 lustrata
491 2304 567 2348 esse
599 2297 753 2368 portenta.
806 2287 1009 2366 Quapropter
1048 2289 1201 2367 Aeneas,
1235 2298 1403 2369 postquam
1430 2293 1455 2351 iu

214 2399 344 2463 somniis
357 2399 518 2459 Anchises
540 2397 599 2475 ipsi
615 2398 760 2476 apparuit
782 2397 962 2476 multasque
978 2397 1175 2458 calamitates
1190 2396 1312 2476 indixit,
1330 2398 1371 2477 V,
1386 2399 1453 2460 rot:

297 2508 567 2584 Perpcmeumque
587 2505 706 2565 Larem
728 2512 759 2565 et
780 2524 880 2565 crocco
901 2507 1079 2581 penetralia
1111 2505 1227 2564 Vestae

296 2612 401 2672 F'arre
418 2618 472 2692 pio
494 2622 526 2673 et
543 2615 639 2691 plenu
661 2617 800 2692 suppleo·
823 2625 996 2677 carceratur
1019 2637 1142 2677 (κεῖνα.

216 2723 366 2789 ceterum
388 2730 523 2820 baribus
546 2731 671 2791 omniuo
707 2740 775 2792 turc
797 2733 894 2793 tiebat
917 2743 949 2794 et
978 2735 1087 2816 fruge,
1118 2741 1202 2794 teste
1226 2732 1336 2793 Horat.
1369 2753 1457 2794 carto.
1486 2771 1488 2776 .

216 2834 271 2915 ΙΙΙ,
293 2833 356 2914 23,
378 2834 414 2896 3:

526 2944 560 3005 Si
583 2951 653 3004 turc
674 2944 809 3022 placaris
832 2954 865 3005 et
887 2945 987 3008 horna
1010 3016 1014 3024 ¹

528 3051 638 3134 Pruge
658 3054 760 3112 hares
787 3053 946 3133 avidaque
969 3071 1075 3134 porca.

216 3158 290 3219 ibid.
317 3161 371 3221 ts:

526 3265 665 3325 mollivit
688 3283 824 3326 aversos
849 3267 990 3328 Penates

527 3373 652 3434 Patre
692 3376 755 3451 pio
783 3383 815 3435 et
838 3377 972 3436 saliente
996 3381 1087 3437 mico.

217 3482 337 3558 Eadem
359 3483 399 3544 de
421 3499 519 3544 causa
541 3483 713 3544 Penatibus
732 3484 816 3542 'uisis
840 3487 966 3546 Aeneas
990 3469 1144 3568 tlljlr'r:
1230 3479 1233 3484 ’

646 3591 694 3650 Et
713 3611 846 3651 munero
868 3593 927 3652 lito

299 3694 492 3751 loteroerotc
510 3693 605 3768 focis.

217 3799 290 3858 Huc
319 3816 463 3877 quoquo,
497 3797 554 3859 uisi
583 3798 689 3878 fallor,
724 3799 858 3877 pertinet
887 3801 954 3860 uel.
987 3801 1078 3880 ultr,
1112 3805 1168 3865 82:
1193 3802 1320 3881 Sparpe
1342 3810 1461 3867 rnolom.

218 3911 367 3975 Ceterum
389 3916 471 3974 mola
493 3915 581 3972 salsa
603 3911 713 3972 eadem
738 3923 802 3987 est,
837 3931 920 3992 quae
944 3913 987 3988 ll,
1025 3911 1089 3973 133.
1115 3911 1463 3992 etXll,173.oulsoo

213 4026 327 4100 fropeo
350 4024 555 4101 appellantur.
599 4022 699 4081 Plinio
722 4029 805 4082 teste
828 4023 869 4081 N.
892 4025 932 4084 H.
958 4022 1083 4103 xvlll,
1106 4023 1143 4084 2:
1175 4024 1308 4102 „Numa
1330 4026 1464 4083 instituit

217 4130 295 4189 deos
320 4131 412 4212 fruge
432 4131 538 4190 colere
559 4131 591 4190 cl
612 4133 693 4190 mola
716 4131 802 4190 salsa
825 4127 1040 4209 supplicare.“
1077 4132 1155 4190 'Pus
1180 4130 1266 4210 apud
1292 4131 1463 4190 Homerum

217 4247 345 4298 constat
366 4256 519 4318 nusquam
543 4238 696 4318 inveniri3
722 4226 833 4317 βωμός
863 4241 944 4299 euim
969 4225 1084 4320 θυήεις
1111 4241 1202 4337 plane
1225 4237 1304 4298 allos
1326 4251 1466 4316 vapores

217 4348 342 4408 indicat.
386 4346 520 4425 Quando
541 4353 573 4410 iu
597 4350 780 4430 religionem
793 4349 970 4409 Romanam
994 4347 1089 4407 luerit
1107 4347 1285 4420 invectum,
1307 4366 1372 4407 nou
1397 4366 1465 4407 om-

215 4459 289 4514 niuo
313 4461 447 4521 constat.
489 4457 608 4517 Aruob.
630 4455 706 4533 Vll,
728 4453 786 4512 26:
809 4453 919 4530 „Nam
941 4472 1045 4533 neque
1064 4453 1273 4531 temporibus,
1300 4448 1467 4542 'quemad-

215 4562 342 4624 modum
365 4563 501 4625 creditur
524 4573 556 4624 et
577 4562 768 4643 perhibetur,
789 4560 935 4643 heroicis,
969 4559 1117 4640 quidnam
1139 4568 1228 4621 esset
1251 4569 1314 4629 tus,
1352 4563 1470 4643 scitum¹

216 4678 284 4744 est,
316 4669 524 4749 scriptoribus
555 4678 594 4760 ut²
612 4668 876 4758 qqqqprcbatura
897 4669 1032 4748 priscis,
1066 4686 1199 4749 quorum
1221 4667 1251 4728 iu
1273 4667 1365 4728 libris
1387 4667 1468 4730 nulla

213 4779 319 4860 posita
341 4777 411 4837 cius
434 4777 550 4837 mentio
572 4756 760 4870 rcppqritup,
781 4795 886 4868 qpqqe,
905 4776 1049 4882 gqnitpirq
1063 4784 1100 4846 <et
1121 4777 1468 4870 matcrsqpqrstitjouis
