3022 5234
599 250 654 310 De
676 247 896 308 corrviviis.
1300 242 1364 306 259

127 433 346 507 observatum,
380 451 420 493 ne
448 431 675 493 lectisternium
708 429 791 491 liat«
843 420 909 489 Sed
940 423 980 490 ad
1008 425 1160 492 convivia
1188 424 1369 487 redeamus.

129 540 302 619 Postquam
324 556 434 599 omnes
458 539 535 599 toris
557 537 789 619 discubuerunt,
812 539 836 617 l,
859 536 938 599 701:

210 649 301 708 Dant
315 648 435 730 famuli
454 651 598 708 monibus
619 649 777 725 lymphas,
802 647 1010 724 Cereremque
1030 641 1182 705 canistris

212 758 409 836 Expediunl,
431 763 591 836 tonsisque
606 760 720 836 ferunt
738 757 887 816 moretolio
908 755 1002 816 villis.

131 866 284 926 Mannum
313 872 387 926 ante
417 883 549 927 coenam
577 865 694 927 lavatio
719 868 789 926 sine
819 863 911 926 dubio
938 874 970 926 et
998 863 1134 929 Graecis
1162 872 1195 926 et
1215 866 1369 930 Romanis

132 974 305 1037 communis
333 983 521 1036 memoratur
549 978 645 1036 eliam
673 994 736 1036 uua
764 991 835 1036 cnm
855 975 1043 1037 mantelibus
1066 975 1097 1037 in
1119 975 1173 1037 illo
1194 974 1277 1056 apud
1299 973 1371 1056 Cy·

133 1101 231 1143 renen
252 1082 400 1144 convivio
422 1080 543 1163 Georg.
565 1082 624 1158 1v,
643 1082 721 1144 376:
767 1064 770 1069 ⁵

334 1189 487 1253 Moerum
509 1192 644 1272 liquidos
662 1193 743 1275 dont
761 1193 871 1251 ordine
885 1195 986 1272 fontis

217 1295 398 1359 Germanae
417 1302 579 1377 tonsisque
594 1302 709 1379 ferrent
728 1300 878 1359 mantelia
899 1301 993 1359 rillio.

136 1402 186 1464 De
209 1404 392 1466 mantelibus
414 1404 548 1466 Servius
571 1404 610 1465 od
629 1404 716 1466 illum
738 1406 860 1468 locum:
892 1406 973 1467 oVel
996 1405 1135 1488 minutis,
1162 1405 1215 1467 vel
1237 1426 1371 1486 compo-

137 1515 227 1596 sitis3
261 1520 386 1575 constat
421 1512 522 1591 enirn,
555 1511 692 1574 maiores
719 1529 851 1591 mappas
880 1511 1030 1573 habuisse
1049 1511 1198 1587 villosos,
1225 1513 1373 1574 mantello

137 1642 215 1685 vero
236 1641 255 1682 a
279 1622 425 1682 manibus
447 1628 520 1682 ante
538 1616 645 1681 lotis.“
691 1621 795 1681 Varro
824 1621 861 1680 L.
885 1621 923 1684 L.
944 1620 1001 1681 Vl.
1022 1625 1049 1692 3.
1070 1618 1127 1681 85:
1158 1622 1374 1700 »Mantelium

137 1732 188 1793 ubi
211 1747 323 1791 manus
345 1735 537 1812 terguntur.c
581 1727 731 1791 Cererem
754 1727 864 1789 deinde
892 1733 913 1790 i.
935 1748 964 1795 e..
984 1748 1097 1809 panem
1126 1731 1272 1791 canistris
1300 1730 1369 1792 dis-

138 1839 287 1901 tribuunt.
317 1822 384 1895 'lte
415 1833 454 1896 ad
485 1834 645 1912 simplices
667 1852 789 1915 quoque
812 1834 923 1915 epulas
946 1833 976 1895 in
996 1833 1086 1894 litore
1110 1832 1370 1918 Carthaginiensi

140 1946 165 2022 l,
193 1945 259 2007 174.
282 1944 411 2025 primum
434 1943 590 2004 llammam
612 1960 629 2003 e
650 1944 740 2004 silice
760 1942 916 2003 excitant:

222 2052 273 2114 Aa
293 2050 381 2111 silici
398 2051 632 2110 scintillam
653 2053 783 2112 recudit
801 2051 944 2112 Arbores

133 2224 136 2232 ,
224 2159 436 2235 deserpitque
456 2161 560 2234 ionem
578 2160 701 2236 foliis
721 2160 823 2237 adque
844 2162 935 2220 crido
955 2166 1070 2222 circum

222 2270 426 2330 Nutrimento
449 2264 535 2323 dedit
554 2268 720 2342 rapuitque
742 2271 777 2324 a'n
792 2268 903 2345 fomite
918 2269 1089 2346 flammam.

143 2375 263 2459 Georg.
285 2377 310 2445 l,
336 2373 408 2436 135:

227 2486 272 2548 Ur
291 2484 389 2543 cilicia
409 2485 498 2542 venir
520 2483 701 2541 obstrusum
721 2482 893 2541 eroeaderet
909 2486 1023 2559 ipnern.

135 2617 227 2700 ,quod
249 2615 351 2677 Plinio
372 2614 417 2676 Ν.
438 2614 479 2674 Η.
503 2608 735 2692 xxxv1,30.
759 2611 948 2692 explicatur:
982 2615 1179 2696 ol’yritarum
1209 2620 1379 2686 etiamnum

143 2727 240 2806 aliqui
261 2742 363 2807 genus
384 2740 477 2782 uuum
502 2719 621 2781 faciunt
642 2719 804 2799 plurimum
826 2720 947 2781 babens
968 2723 1066 2804 ignis,
1099 2744 1179 2806 quos
1201 2729 1298 2791 vivos
1320 2750 1380 2811 ap·

143 2834 299 2917 pellamus
333 2837 367 2892 et
398 2828 656 2910 ponderosissimi
697 2835 780 2888 sunt.
840 2829 883 2890 Hi
917 2826 1169 2910 exploratoribus
1206 2853 1380 2903 castrorum

144 2943 280 3007 maxime
300 2939 484 3014 necessarii,
505 2937 557 3020 qni
579 2939 670 3000 clavo
687 2937 740 2998 vel
758 2938 858 3000 altero
880 2939 985 3020 lapide
1006 2944 1149 3022 percussi
1169 2949 1381 3012 scintillas

145 3051 260 3130 edunt,
278 3067 359 3130 quae
390 3056 547 3127 exceptae
577 3047 729 3126 sulphure
754 3056 808 3108 aut
828 3046 935 3132 iungis
960 3052 1058 3114 aridis
1085 3054 1140 3115 vel
1162 3054 1276 3119 foliis
1296 3058 1381 3122 dieto

145 3158 279 3221 celerius
301 3160 408 3237 iguem
430 3154 583 3215 trahunto
628 3156 655 3234 l,
680 3152 756 3214 177:

232 3294 308 3355 inm
331 3288 475 3351 Cererem
498 3292 678 3362 corruptam
698 3286 794 3345 andis
813 3285 1019 3367 Cerealiaque
1037 3309 1128 3352 ormo

230 3399 421 3475 Expeditae!
438 3396 522 3474 sessi
541 3411 656 3461 rerum,
677 3393 853 3470 fropespue
873 3400 1017 3470 receptos

228 3511 275 3570 Et
295 3515 413 3568 torrere
431 3508 552 3582 parant
566 3504 707 3581 [lammis
730 3505 761 3558 et
777 3501 931 3577 fronpere
951 3521 1044 3563 soora.
1143 3503 1146 3511 '

146 3643 241 3723 Quae
261 3641 290 3700 si
318 3638 494 3702 accuratius
517 3633 786 3715 consideraveris,
808 3653 926 3695 morem
947 3618 1161 3700 Romanorum
1183 3658 1295 3721 panem
1318 3663 1382 3724 pe-

147 3749 235 3812 randi
265 3747 364 3808 habes
396 3746 445 3806 his
476 3744 621 3811 versibus
650 3744 834 3808 subiectum.
892 3743 941 3804 Ad
973 3763 1066 3825 quern
1102 3747 1247 3813 Cerealia
1280 3755 1383 3836 ereio,

148 3859 278 3920 molaria
297 3855 403 3931 (vill,
427 3852 517 3925 250.)
538 3853 734 3932 praesertim,
754 3853 921 3934 pertinent.
957 3857 1006 3917 lta
1026 3857 1057 3917 in
1077 3858 1215 3943 Moreto,
1238 3867 1385 3942 carmine,

147 3968 381 4041 amoenissimo,
401 3964 451 4026 ⁴23.
470 3963 613 4024 Simulus
635 3963 675 4025 ad
696 3964 827 4028 eandem
850 3985 994 4047 operamt

228 4094 412 4157 Praeverril
434 4091 535 4150 condo
556 4086 664 4150 siliceo
681 4094 903 4169 pensionemque
924 4092 1114 4154 molarem
1136 4128 1178 4141 -
1197 4130 1239 4140 --

229 4202 321 4264 Hoec
342 4206 426 4260 rotat
443 4200 585 4260 cdoidms
603 4201 694 4276 pyris
716 4205 749 4259 et
768 4206 909 4260 concitat
928 4203 1050 4263 oriem:

235 4309 343 4370 Tucca
364 4307 460 4370 Cerea
482 4309 592 4385 rapido
613 4308 739 4368 silicum
760 4309 900 4368 decurrit
919 4309 957 4369 ab
977 4314 1051 4373 iota.

148 4433 282 4495 Molaria
299 4430 419 4490 maiore
440 4428 600 4507 Pompeiis
620 4427 749 4491 detecta
769 4439 842 4491 suut
863 4434 907 4492 ita
928 4442 1120 4513 comparata,
1141 4447 1175 4498 ut
1186 4439 1304 4520 duplex
1324 4461 1384 4504 oa·

149 4559 212 4604 vus
240 4542 416 4617 imponatur
445 4534 578 4615 simplici
611 4535 712 4601 solido
740 4536 845 4616 lapidi.
895 4540 1045 4603 Triticum
1076 4540 1213 4623 desuper
1245 4548 1384 4614 infusum

149 4647 295 4712 interiore
328 4643 547 4733 exterioreque
577 4660 657 4704 saxo
686 4651 789 4705 rotato
820 4645 986 4728 frangitur.
1034 4646 1118 4709 Vide
1141 4649 1226 4715 Mus.
1248 4655 1385 4719 Borbon.

150 4730 226 4823 Vol.
245 4755 287 4849 -Vt
330 4751 408 4847 Ψιώἵ
423 4750 481 4848 Ι40..
524 4747 575 4813 cf.
601 4751 797 4840 Monumenti
821 4752 929 4829 inediti
954 4753 1016 4814 dell
1036 4753 1179 4820 instituto
1201 4760 1383 4847 archeolog.

1077 4870 1154 4932 17*
