3022 5234
404 240 461 300 De
492 238 603 298 urbis
632 236 869 299 corrderrdae
892 257 1010 302 more.
1223 227 1224 231 ¹
1277 241 1319 303 33

75 419 267 498 quebantur,
298 430 349 480 est
378 419 617 482 defendendum.
661 420 787 482 Etenim
809 422 955 501 quamvis
979 430 1073 500 poeta
1093 426 1126 484 iu
1148 424 1211 485 hac
1232 426 1318 487 urbis

74 531 213 589 recentis
240 530 445 610 dispositione
473 531 680 592 veliementer
708 531 877 593 violaverit
899 548 1012 590 verum
1035 539 1210 610 temporum
1232 536 1317 595 anti-

73 654 205 715 quorum
227 638 383 720 habitum,
414 649 552 699 attamen
575 659 614 700 eu
637 639 848 701 Romanorum
871 638 1022 699 delenivit
1045 656 1143 700 sensu
1165 649 1316 722 mentem,

74 760 135 821 qrro
158 763 216 805 nos
239 763 365 826 quoque
397 746 579 817 adficimur,
614 746 738 827 quaudo
768 763 848 825 quae
880 740 940 824 ipsi
972 745 1143 826 sentimus,
1179 747 1316 829 agimuS,

72 852 264 933 cogitamus,
287 855 377 932 quasi
400 874 440 914 ex
461 855 568 914 intima
590 863 699 915 nostra
721 862 833 914 natura
854 862 943 932 rapta
966 855 1104 914 carmine
1126 855 1317 933 percipimus
1370 869 1373 873 ’

72 978 173 1038 paene
195 959 236 1021 ad
260 962 367 1023 vivam
390 963 561 1044 imaginem
585 978 748 1040 expressa.
791 959 869 1020 lude
898 979 993 1041 quum
1026 979 1065 1024 ea
1085 963 1157 1022 loca
1181 963 1317 1041 popula-

72 1069 159 1128 ribus
183 1071 369 1148 nominaret,
391 1077 547 1151 taugeret.
570 1069 777 1151 signiticaret,
801 1069 913 1149 quibus
937 1070 1153 1130 lubentissime
1172 1089 1316 1131 eommo-

72 1179 132 1237 rari
165 1178 330 1256 solebant,
367 1180 470 1238 omnia
498 1180 647 1254 clariora,
680 1178 851 1258 insigniora
878 1188 911 1238 et
937 1179 1153 1256 praesentiora
1174 1178 1316 1241 reddidit.

72 1280 257 1343 Numiuavit
279 1303 355 1344 vero
377 1304 439 1345 uon
461 1285 564 1345 solum
587 1284 760 1355 theatrum,
792 1304 825 1346 v.
853 1301 885 1364 g.
908 1285 953 1363 V,
983 1286 1066 1362 act,
1102 1288 1154 1348 ubi
1182 1288 1314 1348 Aeneas

71 1388 184 1450 tendit:

151 1498 360 1561 Grarnineum
383 1507 416 1585 in
438 1522 607 1581 cenapum,
629 1505 719 1581 picem
743 1503 874 1561 coitibus
897 1503 1035 1579 undique
1057 1506 1160 1587 citreis

154 1606 332 1683 Cinpebeut
349 1609 458 1677 siluae,
481 1610 641 1686 medieque
663 1613 696 1666 in
715 1608 797 1666 cutte
820 1607 975 1665 theatri

152 1715 405 1794 circuierat,
439 1735 500 1794 quo
527 1736 563 1775 se
585 1717 693 1775 multis
715 1734 786 1774 curn
806 1713 932 1773 mitibus
954 1713 1049 1772 beros

152 1823 313 1882 Consessu
335 1824 469 1882 medium
491 1823 565 1882 tulit
583 1827 870 1899 eustructoque
891 1823 1017 1881 resedit.

71 1963 101 2014 at
121 1958 238 2016 circum
261 1957 389 2034 longum
423 1956 463 2025 V,
493 1958 583 2036 551„
617 1955 676 2016 sed
704 1964 811 2034 partes
834 1973 959 2036 quoque
975 1954 1148 2035 singulas,
1181 1959 1311 2032 primum

71 2061 247 2122 universam
271 2079 431 2133 caveam
464 2062 553 2142 Vlll,
574 2055 650 2123 635}

150 2168 219 2232 Nec
237 2170 352 2244 praeut
371 2170 443 2229 diuo
464 2170 596 2230 Burnum
616 2177 648 2229 et
668 2177 779 2245 ruptus
799 2173 870 2228 sine
893 2188 979 2228 more
999 2167 1138 2230 Sabinus

152 2276 313 2338 Consessu
336 2297 481 2338 caueae
502 2281 627 2352 muqnis
649 2276 854 2338 Circensibus
877 2279 959 2334 (rotis

152 2383 338 2448 Addiderat.

70 2489 113 2570 V,
135 2489 212 2552 340:

151 2599 215 2658 Hic
238 2607 336 2660 totum
358 2621 499 2661 caveae
521 2619 704 2661 consessum
727 2604 869 2675 inpectis
890 2608 923 2659 et
942 2619 998 2660 eru

76 2688 79 2694 .
152 2707 263 2768 Primo
282 2715 408 2783 petrum
431 2714 556 2786 muqnis
578 2709 688 2772 Setius
714 2709 903 2768 clamoribus
923 2709 1031 2783 inplet.

69 2840 120 2900 ubi
147 2861 203 2900 oru
233 2847 337 2916 prima
361 2851 489 2920 patrum
517 2847 585 2905 sine
615 2844 711 2906 dubio
742 2844 782 2906 ad
815 2844 911 2905 sedes
933 2851 1113 2906 senatorum
1139 2852 1172 2904 et
1194 2843 1311 2905 ordinis

67 2948 224 3026 equestris
251 2948 415 3026 primarias
448 2960 596 3029 spectant
623 2961 775 3031 recteque
801 2970 821 3013 a
850 2951 968 3012 Servio
997 2959 1219 3030 comparantur
1240 2971 1336 3013 cum-

66 3054 127 3116 illis
151 3056 310 3116 luvenalis
333 3058 401 3122 Sat.
423 3059 464 3134 ll,
488 3060 562 3120 147:
596 3061 764 3139 „omnibus
789 3060 832 3121 ad
853 3059 979 3140 podium
1004 3055 1249 3139 spectantibus“
1271 3091 1312 3102 —-

67 3163 180 3226 deiude
203 3183 369 3247 cuneos,
399 3157 429 3228 iu¹
451 3186 531 3247 quos
552 3168 670 3250 gradus
691 3169 908 3231 ascendentes
926 3173 1188 3242 secernebantur,
1227 3167 1309 3229 unde

68 3271 112 3350 V,
136 3273 212 3337 664:

148 3382 294 3442 Nuntius
315 3382 480 3443 Anchisae
500 3388 544 3444 ad
563 3386 719 3446 termulum
741 3404 961 3465 cuneusque
979 3388 1137 3447 tdeutri

150 3488 309 3549 Incensus
326 3493 452 3568 perfert
470 3497 563 3551 uanis
583 3491 748 3552 Eumelus.

66 3602 99 3654 et
120 3594 197 3671 ΧΠ,
214 3594 285 3658 269.
307 3595 347 3656 de
370 3613 529 3658 consessu
551 3598 656 3676 populi
684 3599 841 3660 excitato}

154 3703 286 3764 Turbati
305 3710 429 3764 cunei.

65 3852 254 3895 scaenam
278 3835 421 3916 denique.
465 3837 586 3914 Quodsi
609 3841 788 3901 memineris
812 3859 925 3902 versus
949 3841 1306 3921 adispiscendae,

65 3960 129 4023 quo
153 3943 314 4006 columnas
336 3949 368 4007 in
392 3945 566 4008 futurarum
584 3967 773 4010 scaenarum
796 3948 895 4010 decus
918 3953 1047 4011 excisas
1062 3950 1216 4030 audimus,
1231 3971 1303 4030 per-

65 4054 165 4134 cipies
187 4057 270 4116 illico
292 4075 356 4116 uon
378 4075 446 4117 eam
470 4075 544 4118 esse
567 4057 679 4119 theatri
709 4066 848 4138 partem,
877 4077 938 4138 qua
967 4067 1095 4119 actores
1125 4059 1306 4141 loquuntur,

64 4169 182 4242 agunt,
212 4172 365 4245 aguntur,
397 4163 456 4224 sed
485 4174 606 4244 partem
635 4166 717 4227 illam
740 4167 836 4228 altam
858 4166 1093 4246 spectatoribus
1116 4169 1305 4248 oppositam,

66 4286 127 4348 qua
155 4286 211 4347 per
238 4268 434 4350 tragoediam
463 4271 651 4350 saepissime
671 4271 819 4350 templum
842 4273 1033 4351 palatiumve
1055 4273 1130 4335 altis
1152 4273 1305 4334 columnis

63 4381 133 4439 arat
153 4382 360 4438 exstructuro.
402 4376 479 4437 lude
502 4397 557 4458 per
579 4378 815 4440 translationem
834 4381 868 4455 1,
890 4379 965 4442 164:

405 4484 482 4543 ilum
503 4486 592 4544 siluis
615 4503 768 4545 scaena
790 4491 931 4547 coruscis

70 4580 74 4589 ’
149 4590 305 4669 Desuper.

64 4724 186 4789 Verum
207 4721 272 4785 huc
293 4722 333 4786 ab
356 4722 498 4783 omnibus
520 4721 624 4786 adhuc
645 4722 868 4803 interpretibus
890 4722 1127 4786 retorturetiam
1143 4722 1202 4805 lv,
1218 4723 1299 4790 471:

116 4854 197 4896 banea
209 4853 342 4907 antiquitates
355 4853 494 4903 Vergilianas·
1075 4835 1097 4899 2
