3022 5234
444 236 500 298 Dc
529 238 764 317 quaesitore
792 245 833 300 et
858 237 1006 301 iudice.
1304 240 1342 303 19

91 413 173 496 quod
196 435 327 500 reguum
349 417 437 479 inire.
479 418 581 480 Porro
611 419 773 481 Anchises
794 421 936 484 Aeneam
959 421 1025 501 Vl,
1057 419 1128 483 819.
1151 420 1336 504 interrogat,

91 542 131 584 an
152 524 231 585 velit
252 527 403 590 animam:

176 631 299 692 Ultoris
320 634 418 693 Bruti
433 636 650 715 fascesque
677 636 783 694 ridere
803 642 957 712 receptos.

89 738 140 799 De
161 737 287 802 homine
307 741 353 801 rei
375 741 520 821 publicae
541 743 786 822 tempestatibus
807 761 869 823 noo
884 742 1005 822 agitato
1020 739 1097 803 dicit
1110 751 1205 822 poeta
1219 742 1341 828 Georg.

10 846 13 856 '
90 846 133 922 11,
158 844 238 910 495:

172 957 271 1016 Illum
293 973 358 1015 oon
376 958 488 1035 populi
503 961 629 1038 foeces,
653 977 717 1019 non
736 977 883 1036 purpura
909 976 1022 1033 rapum

174 1063 298 1124 Fremit.

91 1174 145 1236 ubi
165 1174 273 1257 populi
294 1175 404 1238 fasces
423 1197 465 1239 ne
486 1177 626 1252 mireris,
649 1196 732 1259 quae
752 1195 850 1258 supra
871 1197 981 1260 regum
1003 1190 1111 1264 erant,
1133 1201 1230 1264 quum
1261 1199 1343 1244 con-

90 1279 214 1368 sulatus
247 1281 287 1344 ab
314 1285 436 1367 origine
471 1288 679 1366 magistratus
708 1286 803 1348 luerit
834 1291 939 1368 populi
966 1289 1126 1353 adversus
1148 1311 1261 1372 regum
1283 1313 1344 1355 su·

90 1392 231 1472 perbiam
254 1402 390 1456 creatus.
433 1397 485 1458 Ex
507 1415 569 1476 quo
591 1399 662 1459 loco
684 1415 744 1458 sno
766 1397 886 1477 hausit,
919 1408 952 1461 ut
973 1399 1036 1461 boc
1057 1402 1159 1463 obiter
1182 1423 1342 1488 moneam,

90 1492 191 1561 falsus
212 1499 263 1560 ille
285 1500 458 1562 Vestritins
481 1504 642 1583 Spurinna
663 1506 704 1579 ΙΙ,
728 1504 779 1568 16:

262 1610 337 1670 Non
357 1610 441 1671 illum
465 1610 608 1692 [populi]
632 1613 773 1677 fascibus
795 1602 926 1681 arduum

177 1717 297 1778 Versat
318 1716 465 1778 nobilitas
486 1719 578 1783 mola.

671 1859 698 1926 §.
723 1855 770 1918 13.

449 1983 507 2037 De
524 1983 763 2050 quaesltore
781 1990 823 2040 et
841 1986 988 2045 ludlce.

175 2098 224 2160 De
242 2099 423 2162 criminibus
445 2102 629 2184 capitalibus
649 2104 841 2185 inquirendis
864 2109 988 2172 Romae
1012 2122 1141 2192 praetor
1164 2125 1234 2178 erat
1257 2134 1338 2179 cou-

93 2205 245 2286 stitutus,
279 2211 332 2288 qui
359 2210 520 2288 quaesitor
546 2211 783 2296 appellabatur,
813 2216 906 2298 eique
935 2219 1063 2282 videtur
1099 2222 1196 2284 iudex
1220 2223 1346 2287 additus

96 2335 183 2393 esse,
205 2317 272 2398 qui,
295 2333 379 2396 quae
402 2320 560 2400 quaesitor
583 2329 726 2403 eruerat,
742 2323 866 2402 legibus
887 2332 1083 2405 temperaret
1096 2348 1136 2392 ac
1152 2328 1347 2396 decerneret.

96 2424 200 2505 Quam
228 2428 272 2489 rei
299 2428 517 2490 condicionem
541 2430 679 2491 maxime
701 2429 847 2493 videmus
875 2453 894 2494 e
918 2434 1086 2498 Ciceronis
1116 2438 1210 2500 Verr.
1234 2445 1264 2524 l,
1290 2445 1347 2505 10:

95 2538 196 2628 „Duo
218 2539 313 2623 igitur
335 2541 486 2601 eonsules
509 2548 542 2600 et
563 2540 777 2620 quaesitor
798 2549 887 2601 erunt
905 2560 947 2602 ex
969 2543 1055 2604 illius
1070 2545 1244 2608 voluntate.
1273 2549 1349 2612 Non

94 2645 198 2706 solum
221 2643 425 2728 effugiemus,
447 2645 557 2725 inquit,
579 2644 739 2706 bominem
756 2647 789 2708 iu
805 2647 988 2726 quaerendo
1007 2651 1136 2712 nimium
1153 2651 1347 2736 diligentem,

91 2754 220 2816 nimium
250 2760 444 2820 servientem
474 2757 578 2839 populi
608 2758 851 2839 existimationi,
876 2760 919 2820 Μ’
943 2759 1166 2828 Glabrionem:
1213 2768 1350 2831 accedet

92 2862 185 2924 nobis
206 2863 301 2926 etiam
323 2865 408 2926 illud.
453 2864 585 2926 ludex
612 2874 663 2928 est
685 2867 731 2927 Μ.
753 2864 949 2948 Caesonius,
978 2871 1106 2954 collega
1127 2876 1226 2935 nostri
1247 2894 1350 2939 accu-

93 2971 231 3055 satoris,
253 2975 347 3037 homo
369 2978 402 3036 in
425 2976 521 3037 rebus
542 2975 722 3037 iudicandis
742 2986 909 3057 spectatus
931 2990 964 3040 et
979 2986 1147 3063 cognitus:
1169 3002 1264 3064 quem
1285 2987 1350 3047 mi-

93 3080 178 3142 nime
200 3083 352 3162 expediat
373 3102 449 3146 esse
473 3084 503 3144 in
527 3103 565 3144 co
589 3085 720 3148 consiilo
733 3127 823 3147 .....
826 3081 849 3119 “
874 3086 936 3166 ubi,
959 3088 1014 3167 qui
1034 3087 1350 3158 Pseudo-Asconius

95 3186 192 3251 hodie
220 3190 414 3269 nominatur,
444 3187 684 3252 animadvertit:
726 3189 888 3270 „Praetor
926 3190 967 3252 de
997 3194 1142 3273 pecuniis
1170 3201 1350 3275 repetundis

96 3298 314 3379 quaestionem
337 3317 501 3362 exercens.
524 3299 609 3361 Nam
621 3301 744 3380 proprie
766 3301 968 3382 quaesitores
983 3302 1131 3364 dicuntur
1144 3305 1350 3369 criminalium

96 3405 334 3486 quaestionum,
355 3415 390 3468 ut
413 3406 593 3488 Vergilius:
625 3406 798 3484 Quaesitor
822 3412 928 3472 Minos
952 3430 1064 3472 urnam
1086 3407 1234 3472 movet.“
1257 3412 1352 3476 Adde

96 3517 232 3581 Varron.
254 3519 340 3583 lat..
364 3520 407 3581 V.
430 3527 456 3594 s.
479 3519 533 3580 81:
556 3519 780 3600 „eraestores
803 3539 822 3580 a
844 3517 1039 3601 quaerendo,
1061 3521 1112 3600 qni
1130 3520 1353 3600 conquirerent

98 3627 242 3706 publicas
265 3629 418 3711 pecunias
441 3638 474 3690 et
496 3627 667 3708 maleficia,
707 3646 789 3707 quae
809 3627 964 3687 triumviri
988 3628 1143 3706 capitales
1166 3645 1249 3689 nnnc
1270 3643 1353 3688 con·

96 3735 236 3814 qnirunt3
258 3737 297 3796 ab
318 3735 368 3796 his
390 3749 523 3815 postea,
547 3736 601 3816 qui
624 3737 844 3815 quaestionum
866 3733 982 3796 iudicia
1005 3746 1172 3811 exercent,
1194 3734 1350 3817 quaesto·

98 3860 151 3902 rer
175 3839 283 3904 dieti.“
326 3842 433 3902 Manil.
458 3845 585 3903 Astron.
609 3842 651 3924 V,
679 3840 756 3906 409:

184 3949 354 4028 Quumque
376 3947 447 4008 lidis
470 3967 586 4030 magno
610 3948 788 4010 succedunt
810 3949 916 4011 sidera
938 3950 1073 4030 mundo,

187 4055 408 4136 Quaesitor
429 4058 585 4118 scelerum
607 4059 726 4137 veniet,
750 4057 932 4139 vindexque
954 4076 1100 4142 reorum,

182 4162 244 4242 Qui
267 4163 437 4226 commissa
459 4163 526 4223 suis
548 4162 708 4224 rimabitur
729 4165 942 4245 argumentis,

180 4275 216 4333 ln
238 4272 404 4351 lucemque
427 4271 531 4332 trahet
554 4271 649 4332 tacita
670 4270 821 4331 laetantia
849 4270 972 4334 fraude.

103 4380 223 4441 Arnob.
251 4376 325 4439 adv.
355 4385 438 4456 gent.
469 4376 528 4454 lV,
553 4376 605 4438 16:
650 4378 742 4457 „Aut
769 4376 840 4458 quis
870 4372 1099 4458 quaesitor,
1139 4381 1208 4462 quis
1235 4381 1351 4441 arbiter

89 4486 280 4548 cervicibus
302 4487 397 4548 tantis
421 4486 498 4559 erit,
533 4489 586 4565 qui
615 4486 696 4547 inter
724 4504 878 4566 personas
909 4487 1090 4550 huiusmodi
1116 4497 1172 4548 aut
1195 4486 1351 4549 vindicias

100 4594 204 4661 iustas
222 4584 311 4676 dare,
333 4600 387 4654 aut
409 4601 609 4654 sacramenta
631 4594 832 4673 pronuntiare
855 4611 915 4654 uon
937 4593 1067 4659 iusta?“
1093 4593 1216 4670 Quibus
1237 4613 1255 4654 e
1273 4595 1352 4655 locis

100 4706 172 4765 luce
199 4703 316 4765 clarius
344 4697 497 4782 efficitur,
511 4701 725 4779 quaesitorem
756 4701 853 4781 probe
887 4698 1142 4782 distinguendum
1176 4718 1251 4761 esse
1279 4714 1352 4764 eta

103 4812 207 4881 iudice
229 4819 260 4871 et
281 4830 301 4873 a
321 4808 458 4872 vindice.
501 4807 604 4870 Probe
625 4808 721 4892 igitur
743 4807 904 4890 intelliges
929 4809 1009 4868 Aen.
1034 4808 1101 4890 Vl,
1124 4806 1182 4959 4231
1179 4893 1203 4941 ἥ
