3022 5234
572 237 630 298 De
652 233 934 298 vestimentis.

208 420 361 484 Inseritur
382 419 519 482 medium
541 418 670 481 radiis
692 417 859 478 subtemen
880 419 994 486 acutis,

209 528 302 608 Quod
326 528 412 610 digiti
435 526 621 608 expediunt,
646 536 743 606 utque
765 526 847 585 inter
869 525 1006 585 stamine
1027 523 1154 585 ductum

211 637 374 697 Percusso
397 637 515 697 feriunt
536 635 651 696 insecti
672 634 840 715 pectine
863 632 987 694 dentes.

127 747 217 808 Fest.
241 745 296 818 III,
316 742 396 804 819:

213 852 268 914 llla
293 855 390 912 elium
413 857 537 910 stantes
559 848 675 910 radio
697 866 883 930 percurrere
906 848 990 910 telas

252 958 375 1036 Erudit,
398 971 431 1020 et
452 978 555 1020 rarum
578 960 740 1039 pectine
763 957 878 1020 denset
899 977 1011 1039 opus..

128 1067 213 1126 Inter
235 1063 334 1125 verba
355 1062 480 1125 Inniflcii
502 1073 609 1127 exstet
632 1064 718 1144 aqud
739 1065 876 1126 Varron.
900 1065 937 1128 11·
958 1065 996 1124 L.
1018 1064 1061 1126 V.
1083 1067 1111 1136 §.
1135 1059 1213 1122 1132
1264 1057 1377 1117 ”Den-

127 1160 197 1235 sum
221 1192 240 1236 c
262 1172 409 1235 dentibus
431 1171 578 1251 pectinis,
601 1171 716 1251 quibus
738 1167 887 1233 teritur-‘⁶

705 1398 812 1488 qn.

578 1557 638 1611 lte
655 1553 927 1615 vestimentis.

215 1731 350 1791 'I'vureA
380 1729 517 1789 virorum
546 1727 794 1805 feminarumque
821 1724 924 1786 vestis
947 1730 1015 1786 emt
1036 1722 1121 1803 apud
1142 1724 1307 1788 Romanus
1331 1727 1383 1787 in-

132 1837 240 1898 terior.
283 1835 436 1897 Evander
459 1836 547 1912 VIII,
571 1836 641 1897 457.
665 1833 790 1895 duobus
812 1832 1013 1893 vestImentis
1034 1837 1149 1895 utitur:

216 1945 391 2020 Ocnearqit
410 1947 529 2016 centur,
553 1947 725 2022 tunicaque
747 1945 914 2003 inducitur·
930 1948 1031 2016 artus,

215 2052 264 2111 Et
287 2049 455 2127 Tyrrhena
472 2052 588 2127 pedum
610 2052 788 2110 circumdat
807 2048 935 2109 clncula
954 2048 1075 2126 plantis
1080 2067 1095 2125 ‚·

221 2158 299 2218 Tum
320 2155 416 2216 lateri
435 2160 537 2236 adque
559 2161 677 2218 umeris
701 2158 857 2230 Teqaeum
879 2156 1020 2230 eabliqat
1039 2172 1158 2234 eneem,

218 2266 369 2325 Demicca
390 2267 428 2324 ab
451 2265 541 2325 laeua
561 2266 739 2342 pantherae
761 2269 851 2338 terqa
874 2268 1070 2340 retorquens.

134 2371 313 2433 'Ibercnem
336 2372 468 2432 Aeneas
492 2392 554 2432 non
577 2371 680 2433 solum
703 2391 758 2452 per
780 2372 927 2449 loricam,
956 2367 1015 2431 sed
1038 2368 1174 2433 tunicum
1197 2375 1292 2436 etiem
1313 2374 1389 2437 ferit

138 2480 181 2559 X,
204 2477 284 2541 313:

617 2587 703 2647 Hauc
723 2586 832 2663 qlndia
851 2605 973 2664 perque
994 2609 1089 2648 aerea
1109 2595 1195 2667 enta,

220 2694 286 2754 Per
310 2696 449 2753 tunicam
471 2696 668 2773 squalentem
691 2714 782 2773 aare,
803 2695 889 2755 latus
912 2696 1023 2755 baurr't
1043 2685 1196 2774 npertnm.

134 2799 199 2879 ubi,
222 2818 262 2859 ne
279 2816 351 2860 cum
370 2800 486 2862 Servio
502 2801 699 2879 squalentem
721 2821 800 2860 aura
819 2800 981 2879 explices:
1004 2802 1227 2882 splendentem
1249 2805 1389 2885 loricam,

135 2907 253 2987 quippe
275 2906 335 2967 ium
357 2927 416 2984 per
438 2925 532 2967 aerea
553 2912 628 2966 enta
649 2904 875 2987 significatam,
898 2907 1047 2969 conteras
1069 2910 1164 2971 velim
1188 2911 1234 2988 X,
1257 2911 1339 2974 817:

224 3014 366 3074 Ibaner‘it
386 3022 417 3074 et
434 3034 580 3093 parmam
602 3034 722 3098 mucra,
745 3016 825 3076 levia
847 3036 938 3078 arma
960 3021 1104 3091 minacis,

220 3123 269 3182 Et
288 3127 439 3202 tunicam,
465 3124 554 3182 molli
573 3130 675 3182 mater
697 3143 791 3201 qaam
813 3132 946 3185 necerat
966 3145 1054 3188 auru.

139 3228 225 3291 unde
246 3226 341 3288 vides
364 3247 441 3290 aura
464 3228 557 3289 etiem
581 3227 735 3290 interdum
759 3249 828 3291 eam
853 3230 956 3291 fuisse
985 3234 1113 3312 pictam.
1159 3233 1206 3292 Ite
1228 3231 1391 3294 Chloreus

140 3337 194 3399 iile
216 3337 273 3412 XI,
294 3334 372 3399 77⁷:
423 3329 427 3332 ’

219 3445 333 3508 Pictue
355 3460 417 3502 acu
440 3445 569 3501 tunicae
591 3449 623 3502 et
645 3445 781 3504 barbara
802 3448 940 3520 teqmina
963 3463 1102 3505 crurum.

136 3552 206 3617 Sed
240 3549 398 3632 indignior
430 3549 523 3610 etiam
558 3550 608 3610 illa
637 3559 764 3612 notatur
796 3552 937 3621 luxuria,
973 3570 1035 3631 qun
1066 3551 1209 3612 manices
1230 3551 1386 3614 interdum

137 3659 298 3722 addebant
327 3661 461 3739 tunicis,
485 3659 567 3739 quod
598 3672 631 3722 ut
654 3663 838 3722 muliebrem
862 3659 1020 3740 quandam
1042 3658 1193 3721 desidium
1216 3660 1385 3723 Numanus

139 3769 295 3832 Remulus
318 3767 464 3828 'I'rcianis
487 3767 594 3828 obiicit
619 3770 676 3841 IX,
700 3770 777 3832 616:

224 3879 271 3938 ΕΙ
292 3883 419 3939 tunicae
440 3882 584 3938 manicae
607 3887 638 3938 et
660 3882 778 3941 babeat
798 3881 987 3942 redimicula
1007 3883 1129 3939 mitrae.

139 3991 207 4052 Iam
230 3989 366 4051 Servius
388 3986 496 4050 attulit
518 3986 584 4050 Ciu.
608 3987 733 4051 catilin.
772 3993 815 4072 11,
841 3991 895 4054 10:
925 3988 1072 4052 „videus
1094 3991 1262 4052 manicatis
1283 3998 1315 4052 et
1336 4002 1391 4052 ta-

139 4098 259 4161 Ieribus
281 4097 407 4176 tunice,
422 4099 504 4159 velis
525 4099 671 4181 amietos,
698 4118 759 4161 non
782 4100 897 4180 tugisn
910 4098 962 4159 ubi
984 4097 1078 4158 etiem
1103 4097 1162 4160 aliu
1176 4098 1285 4159 verbis
1302 4098 1392 4159 Ver-

139 4205 209 4286 gilii
231 4205 440 4287 respondent3
467 4209 583 4272 etenim
607 4209 686 4270 illis:

230 4314 327 4374 Vobis
347 4321 435 4393 picta
457 4336 546 4380 cruca
568 4324 600 4376 et
616 4318 758 4397 falqentr
779 4321 901 4378 murtce
922 4318 1033 4395 acetis,

226 4422 378 4483 Desidiae
399 4424 504 4502 ccrdl;
526 4427 616 4484 ineat
636 4423 803 4500 indulqere
824 4423 958 4483 cboreie.

144 4544 361 4624 comparanda
381 4553 457 4606 sunt
482 4545 710 4610 Ciceroniana:
747 4549 815 4630 „Ili
842 4549 931 4629 pueri
960 4554 1023 4609 tem
1062 4541 1155 4624 lepidi
1178 4561 1217 4604 ec
1250 4539 1394 4623 delicati,

142 4669 208 4713 non
231 4651 332 4713 solum
347 4669 454 4714 emere
468 4661 499 4714 et
512 4658 623 4727 amari,
637 4675 740 4737 neque
762 4655 943 4736 psallere
966 4662 1007 4715 et
1028 4654 1207 4724 saltare,
1229 4646 1396 4709 sedetiam

143 4760 232 4820 sices
254 4759 382 4821 vibrare
404 4768 436 4820 et
458 4777 612 4842 spargere
634 4782 762 4825 venena
783 4755 995 4826 didicerunt.“
1021 4757 1148 4821 Gellius
1171 4756 1247 4839 vu,
1261 4757 1310 4819 12.
1331 4757 1394 4818 iam

196 4887 278 4927 nonen
290 4888 424 4941 antiquitates
436 4890 577 4942 Vergilium·
1142 4872 1186 4935 1ss
