3022 5234
203 258 267 323 268
688 261 748 325 Da
768 260 993 329 funeribus.

203 395 437 503 CaarImoniaaa
453 441 710 507 conclamationis
731 442 823 507 vider
843 454 914 509 aru
933 464 1120 527 expressam
1142 449 1224 531 apud
1249 451 1299 514 De
1320 452 1438 519 Clarae

201 547 314 611 musea
328 547 386 612 des
399 549 581 629 soulptures
594 551 741 633 antiquas
752 560 785 615 at
799 551 975 616 modurnes.
995 555 1154 620 Planehes
1166 556 1208 625 11,
1222 558 1300 622 I'ab.
1316 559 1437 644 clun,

200 653 272 720 333.
294 654 413 732 CLIV,
433 653 505 719 332.

285 791 410 870 Corpus
430 800 535 854 autem
557 788 786 872 depositum
808 792 907 865 (Aen.
928 795 968 870 II,
991 792 1063 856 644.
1085 793 1145 872 Ν,
1165 797 1237 862 681.
1259 797 1333 876 XII,
1346 799 1436 876 395.)

200 899 366 962 lavabatur
385 915 469 982 aqua
491 895 593 960 ualida
615 904 647 961 et
669 899 878 983 unguebatur.
915 901 1011 983 Apud
1033 901 1182 964 Servum
1201 902 1243 967 ad
1271 907 1353 972 Aen.
1374 909 1436 992 VI,

199 1011 272 1074 219.
293 1010 448 1099 Ilnniust⁴

282 1116 442 1203 Il'arqulnii
463 1132 579 1199 eorpus
599 1116 681 1178 bona
703 1115 819 1179 lamina
840 1114 919 1179 lavit
939 1123 973 1178 et
994 1117 1090 1178 unxit.

199 1228 308 1291 honus
329 1226 469 1310 Vergilii
486 1225 539 1288 hio
559 1234 624 1288 est:

279 1337 366 1398 Para
386 1335 507 1397 oolidoo
527 1333 639 1395 latices
661 1341 693 1394 et
712 1351 793 1394 oeuu
812 1332 971 1393 undantia
987 1335 1127 1412 fiammis

210 1498 212 1503 .
279 1443 479 1521 Enpedr‘uot,
502 1459 681 1522 corpusque
701 1440 847 1501 luoout
861 1442 1013 1518 sripoutir
1033 1445 1066 1500 et
1084 1447 1280 1518 uupuuul.

198 1547 355 1630 1v,683:

646 1672 650 1677 ·
765 1654 860 1731 Dolo,
880 1650 1013 1714 oolueru
1033 1653 1170 1734 lpmpbr'r

282 1767 465 1830 Alluum.

198 1878 257 1950 IX,
281 1875 358 1940 4872

442 1981 592 2042 Presoioe
612 1978 721 2040 oeulos
742 1985 800 2039 out
818 1978 947 2039 voluero
968 1976 1059 2042 loor'.

198 2115 291 2178 Prius
312 2120 415 2176 autem
437 2132 530 2195 quarn
553 2111 728 2193 efferretur,
748 2112 778 2174 in
811 2112 1002 2175 vestibulum
1035 2110 1250 2174 collocabatur
1275 2118 1308 2175 et
1328 2131 1350 2183 a
1370 2129 1431 2175 eu·

199 2222 292 2286 stude
313 2220 508 2285 servabatur.
538 2221 692 2302 Apuleius
720 2222 851 2285 Metam.
873 2221 913 2283 11.
935 2239 967 2301 p.
980 2219 1030 2282 39.
1053 2216 1103 2280 ed.
1126 2220 1266 2299 BIpontt
1299 2219 1360 2301 „si
1378 2221 1431 2302 qui

198 2337 354 2416 mortuum
376 2345 509 2397 servare
532 2329 638 2404 vellet,
658 2326 699 2388 de
718 2329 821 2409 pretio
844 2323 1026 2389 lineretur.“
1051 2325 1103 2389 cf.
1125 2328 1205 2392 Aen.
1228 2328 1289 2405 XI,
1310 2327 1370 2397 29:

278 2438 336 2503 uto
355 2441 403 2498 uo't
422 2436 630 2498 inlacrimans
649 2439 822 2515 recepitque
840 2437 884 2497 od
902 2436 1011 2498 limina
1029 2454 1189 2518 pressum,

278 2541 403 2625 Corpus
421 2545 477 2606 ubi
495 2547 639 2605 ouuuiuri
654 2547 794 2621 positum
812 2542 973 2605 Pallantia
993 2541 1131 2604 Aoouter

279 2653 434 2717 Servabot
453 2654 569 2712 senior.

197 2754 463 2840 Diversa'autem
484 2784 575 2843 arant
594 2794 715 2860 genera
736 2783 877 2840 mortuos
906 2775 1073 2856 sepulchro
1104 2773 1276 2857 uendendi,
1304 2771 1432 2841 diversa

198 2894 231 2948 et
251 2904 294 2946 ex
313 2903 419 2946 aarum
442 2891 548 2945 aetate
570 2892 603 2946 et
622 2882 783 2965 (lignitate.
804 2885 919 2947 Ilorum
937 2886 987 2967 qui
1010 2883 1097 2965 pueri
1113 2882 1166 2945 vel
1179 2883 1311 2944 iuvenes
1333 2871 1431 2943 auita

141 2970 144 2976 ’
198 2991 415 3073 decesserant,
423 2989 534 3052 lunera
546 2990 740 3053 vocabantur
761 2991 977 3059 immatura
998 3012 1056 3056 sau
1079 2988 1315 3082 aoerba.(cl.
1328 2990 1430 3053 'Iaoit

196 3102 280 3165 Anu.
303 3098 393 3174 XIII,
415 3096 462 3159 17.
484 3098 603 3162 Ausou.
627 3099 785 3165 Parental.
806 3101 897 3165 XIV.
918 3101 989 3180 liu.)
1004 3102 1078 3163 Non
1101 3100 1229 3164 dubium
1251 3097 1349 3182 igilur
1367 3105 1432 3177 est,

195 3209 269 3290 quin
296 3206 378 3272 haee
410 3209 578 3290 appellatio
611 3207 781 3270 artificiosa
810 3208 909 3273 lateat
942 3208 982 3273 de
1019 3209 1172 3273 inlautum
1202 3205 1315 3270 animis
1348 3207 1428 3267 Aen.

188 3312 254 3401 VI,
277 3319 353 3380 428³

279 3427 367 3503 Ouoa
388 3427 491 3490 dulcis
510 3429 592 3486 vitue
612 3431 751 3487 euaortr'o
768 3434 801 3487 et
818 3428 856 3487 ub
881 3428 976 3488 ubero
996 3433 1104 3505 raptos

273 3534 418 3597 Abstulit
435 3541 507 3594 olru
528 3536 595 3595 dieo
610 3540 647 3620 a
661 3537 811 3616 sunere
831 3539 944 3598 marsi!
963 3537 1112 3599 acerbo.

187 3666 251 3745 XI,
270 3665 322 3731 28.
343 3667 401 3744 XI,
425 3665 494 3728 166.
514 3665 634 3729 Mortui
654 3663 768 3733 deinde
787 3667 911 3731 servari
923 3667 1069 3733 solebant
1090 3676 1162 3731 ooto
1183 3663 1263 3739 dies,
1284 3661 1370 3729 uude
1389 3661 1428 3725 de

194 3771 356 3837 A-nohisae
378 3772 498 3835 inferiis
519 3771 565 3853 V,
586 3772 644 3835 64:

270 3899 451 3971 Praetereo,
476 3901 507 3959 oi
528 3916 634 3963 nunu
654 3899 737 3963 dim
757 3899 942 3962 mortalibus
962 3899 1080 3965 ulmum
1119 3942 1123 3947 -

270 4002 402 4066 Aurora
421 4006 574 4068 extulerat
593 4009 755 4087 radiisque
776 4012 933 4069 reteuerit
951 4010 1055 4070 orbem
1079 4054 1087 4070 .
1109 4050 1118 4070 .
1139 4052 1148 4071 .
1170 4052 1178 4070 .

188 4137 239 4199 ubi
262 4135 304 4198 ol·
323 4136 470 4220 Servius,
493 4142 547 4221 qui
570 4139 651 4201 idem
672 4137 713 4203 ad
733 4140 792 4216 Vl,
805 4139 883 4201 a18=
907 4131 1158 4221 „Servabantur,
1179 4143 1237 4224 ait,
1259 4142 1420 4206 oadavara

186 4252 257 4306 octo
279 4244 423 4308 diebus.“
445 4246 604 4307 PrIoribus
625 4265 717 4327 porro
738 4246 936 4328 temporibus
955 4266 975 4309 a
1003 4247 1158 4310 Rornanis
1186 4257 1281 4311 noete
1303 4251 1424 4313 effare·

186 4350 310 4436 bantur,
334 4352 417 4415 uude
438 4353 611 4417 facularum
632 4372 710 4416 usus
731 4354 883 4416 remansit
906 4353 1013 4432 etiam,
1025 4371 1122 4434 quum
1143 4355 1223 4417 iuter
1238 4355 1300 4421 diei
1321 4359 1423 4423 luoom

188 4458 430 4539 sepeliebantur.
471 4462 520 4523 Ita
543 4461 675 4523 'I'aoitus
696 4450 728 4521 Iu
749 4460 860 4522 lunera
879 4457 1062 4523 Germanioi
1084 4456 1166 4525 Anu
1191 4464 1251 4548 III,
1265 4458 1304 4530 4ι
1330 4470 1422 4545 „col-

188 4569 331 4632 luoeutas
355 4589 411 4652 per
431 4588 577 4652 eampum
598 4567 712 4632 Martis
732 4567 846 4633 lanes“
867 4578 1029 4635 nremorat.
1058 4571 1203 4635 Eundem
1225 4593 1346 4638 rnorem
1372 4584 1424 4638 te-

185 4685 287 4739 statur
305 4678 440 4740 Servius
461 4676 502 4739 ad
517 4677 598 4739 Aen·
614 4677 657 4752 V,
680 4676 710 4739 4.
734 4677 794 4758 VI,
816 4678 887 4740 224.
915 4677 1114 4761 Quapropter
1140 4678 1251 4747 urimur
1272 4699 1338 4749 uun
1362 4692 1426 4763 ant,

53 4847 55 4850 Α
185 4791 321 4866 apoetu
340 4784 400 4864 XI,
424 4783 492 4846 142.
512 4785 556 4848 ita
578 4784 733 4847 Pallantis
757 4788 931 4867 exsequias
945 4786 1084 4853 institui:
