3022 5234
211 228 272 292 180
555 227 610 289 De
640 222 904 289 sacrificandi
933 224 1099 289 ritibus.

202 410 400 491 „Obliquum
413 408 508 473 etiem
531 409 676 483 cultrum,
696 407 741 468 ait
756 407 892 470 Servius
913 408 994 470 Aen.
1015 409 1091 484 ΧΙΙ,
1105 405 1173 469 lta
1194 407 1328 470 afronte
1349 425 1453 490 usque

214 520 256 582 ad
283 517 417 580 caudam
437 525 511 580 anto
537 518 782 614 immolationem
803 515 920 578 ducere
941 525 1190 599 consueverant3
1222 535 1295 577 nam
1319 516 1381 582 boc
1403 526 1453 579 est

206 626 291 711 quod
312 626 417 710 dicito

522 708 584 769 'ut
605 716 745 787 tempora
761 711 851 787 ferro

291 816 424 879 Summa
445 823 558 877 notant
575 816 759 893 pecudum«
920 862 924 867 .

203 922 255 985 cf.
277 923 359 985 stat.
381 921 479 983 unet.
505 921 566 998 tv,
588 919 663 981 461⁴.
691 920 841 998 ”lamque
862 916 962 979 arduo
991 916 1075 977 ferro
1107 915 1234 994 Signati
1254 919 1393 1002 cupita«
1415 924 1450 983 ln

201 1031 389 1114 quibusdam
412 1030 525 1111 sacris,
547 1029 714 1090 internis
737 1035 769 1088 ut
791 1027 926 1101 videtur,
946 1033 1058 1086 saetae
1080 1025 1356 1092 abscindebantur.
1378 1033 1448 1094 Ae.

201 1155 280 1199 neas
301 1139 417 1200 saltem
439 1138 651 1218 Proserpinae
675 1136 836 1215 Noctique
859 1152 953 1196 soora
972 1133 1078 1194 serens
1103 1135 1160 1210 Vi,
1182 1135 1263 1200 245:

282 1247 331 1307 Et
349 1265 491 1306 nominoe
512 1263 649 1327 carpeno
669 1245 772 1303 medio
793 1246 876 1302 inter
897 1259 1017 1302 cornua
1039 1249 1147 1302 coetos

285 1355 419 1430 Ionibus
437 1340 563 1429 inponit
582 1354 695 1427 sooria,
718 1351 866 1410 libamina
887 1354 1002 1429 primo.
1362 1428 1366 1435 .

200 1463 308 1544 Atque
329 1481 371 1523 ex
391 1458 501 1522 eodem
524 1478 612 1521 ruore
632 1459 778 1539 suspicor
800 1466 927 1540 poetam
950 1457 1086 1524 duxisse
1107 1460 1168 1536 IV,
1190 1460 1262 1522 698.
1283 1460 1389 1524 locum
1407 1462 1444 1524 de

201 1569 326 1632 Didone
346 1568 437 1631 morti
461 1567 633 1629 destinata:
1174 1556 1180 1567 ⁵

281 1679 432 1739 Nondum
454 1677 504 1736 illi
519 1680 635 1756 flevum
657 1677 853 1757 Proserpina
873 1685 987 1742 vertice
1007 1686 1124 1743 crinem

282 1788 473 1849 Abstulerat
492 1785 665 1866 Styqioqoc
686 1795 784 1866 caput
802 1790 1009 1851 damnavero!
1029 1792 1121 1853 Orco.

201 1896 401 1978 Quamquam
432 1898 493 1961 boc
519 1898 569 1959 aiii
592 1898 737 1978 exemplo
759 1898 917 1979 Euripidis
944 1902 1109 1963 Alcestide
1138 1910 1293 1986 purgant,
1324 1904 1353 1964 in
1382 1923 1443 1986 qua

199 2005 305 2068 fabula
324 2005 355 2065 in
376 2022 506 2068 scenam
531 2005 634 2070 Orcus
659 2004 867 2069 inducebatur
889 2007 1025 2091 gladium
1055 2019 1200 2094 gestans,
1230 2030 1295 2093 quo
1324 2017 1439 2074 crinem

198 2115 363 2180 abscindat
383 2119 548 2195 Alcestidi,
581 2128 613 2179 et
636 2121 686 2180 sic
706 2119 842 2201 loquitor
865 2119 1028 2198 (Macrob.
1049 2120 1094 2202 V,
1117 2120 1202 2200 19.):

272 2212 354 2287 '‘Hd’
374 2212 429 2288 οὖν
448 2213 526 2309 your}
546 2212 688 2286 κάτεισιν
710 2217 758 2298 είς
772 2213 875 2288 ‘'Adou
896 2212 1027 2305 δόμους.

278 2328 401 2410 Στείχιο
425 2329 457 2392 δ’
478 2327 530 2394 εἰτ’
551 2319 660 2414 αὐτήν,
681 2319 726 2404 oie
747 2320 949 2416 κατάρξομαι
969 2327 1068 2416 ξίφει.

224 2496 238 2521 ,
280 2429 383 2527 Ἶερδς
402 2430 463 2526 χείρ
483 2429 578 2514 οἶτος
599 2437 663 2503 τῶν
685 2431 771 2503 κατα
792 2431 912 2520 χθονὸς
932 2437 1041 2535 θεῶν,

272 2538 375 2612 ’Ὀτου
395 2539 463 2612 τόδ’
483 2539 575 2632 ἔχχος
595 2539 713 2634 κρατὸς
733 2538 855 2632 οἱχνίσει
872 2544 977 2634 τρίχα.

199 2656 251 2720 Cf.
271 2657 364 2723 Serv.
387 2656 426 2717 od
451 2660 529 2721 Aen.
545 2658 601 2737 ΙΙΙ,
624 2658 674 2720 46.

281 2764 425 2841 Quodsi
447 2788 507 2828 non
526 2767 639 2828 iniuria
668 2765 784 2829 dictum
813 2769 869 2842 sit,
891 2767 976 2848 apud
1005 2769 1137 2831 Latinos
1158 2768 1242 2832 bunc
1264 2788 1384 2831 morem
1408 2768 1436 2829 in

197 2874 311 2937 talibus
330 2876 430 2936 solum
454 2876 621 2939 sacrificiis
643 2876 821 2954 exstitisse,
845 2873 1054 2939 differentiam
1077 2877 1117 2939 ab
1139 2877 1271 2939 Homeri
1294 2879 1355 2940 ritu
1379 2879 1436 2941 ba-

196 2980 354 3060 bebimus,
385 2984 447 3064 qui,
478 2981 625 3062 quamvis
652 2990 761 3041 nostro
793 2999 902 3042 ausam
933 2981 1065 3059 dederit,
1092 2983 1151 3045 0d.
1180 2986 1275 3069 XIV,
1306 2988 1377 3050 422.
1402 2984 1439 3048 de

195 3090 271 3168 (ΙΙΙ,
293 3089 381 3158 446.)
403 3106 496 3149 sacro
519 3108 574 3168 pro
597 3088 699 3147 salute
732 3095 764 3146 et
798 3085 900 3147 reditu
924 3088 1041 3148 Ulissis
1064 3100 1187 3152 narratx

275 3184 368 3257 'Ati’
390 3184 441 3278 b'y'
456 3180 684 3277 ἀπαρχόμενος
706 3189 852 3279 κεφαλῆς
872 3189 986 3280 τρίχας
1006 3188 1041 3270 ἐν
1064 3194 1145 3282 περὶ
1165 3186 1286 3277 βοίλλεν

274 3289 481 3386 ἀργιόδοντος
501 3289 567 3376 δός,
588 3297 643 3363 καὶ
666 3289 824 3381 ἐπεύχετο
847 3285 929 3364 πᾶσι
949 3305 1089 3382 θεοῖσιν,

273 3408 426 3495 νοστῆσαι
445 3399 589 3494 Ὀδυσῆα
610 3399 802 3496 πολύφρονα
823 3401 897 3473 ὅνδε
920 3399 1065 3491 δόμονδε.

192 3519 305 3580 Differt
321 3521 493 3601 quoquell.
515 3521 573 3602 ΙΙΙ,
594 3519 679 3603 273,
703 3540 763 3601 quo
786 3532 895 3584 saetas
917 3542 979 3584 nou
1001 3524 1031 3584 in
1054 3524 1159 3616 ignom
1175 3522 1356 3605 coniiciunt,
1378 3524 1435 3588 sed

192 3627 384 3707 principibus
407 3627 609 3689 distribuunt:

271 3725 389 3819 Ἀρνιῦν
410 3728 446 3796 ἐκ
467 3733 635 3820 κεφαλέων
653 3723 755 3812 τοίμνε
777 3727 899 3816 τρίχας·
923 3722 1025 3817 αδτοίρ
1047 3725 1163 3797 ἔπειτα

272 3833 408 3928 κήρυκες
433 3835 553 3932 Τρώων
574 3841 627 3907 καὶ
647 3836 783 3922 Ἀχαιῶν
804 3844 916 3924 νεῖμαν
937 3834 1091 3929 ιίρίοτοις.

270 3951 300 4014 5.
341 3955 440 4016 Porro
466 3964 563 4035 caput
584 3953 734 4014 victimae
754 3951 939 4032 feriebatur,
963 3962 999 4014 ut
1019 3972 1118 4014 seusu
1146 3954 1257 4016 orbata
1285 3976 1435 4036 procum-

188 4063 285 4126 beret.
308 4066 342 4126 iu
366 4063 510 4126 Aeneide
532 4062 722 4143 saepissime
745 4063 874 4123 Aeneas
892 4064 1089 4143 Erraeferit,
1119 4067 1230 4138 coedit,
1269 4066 1331 4128 aiio
1353 4087 1436 4149 quae

186 4171 244 4234 vix
266 4181 300 4235 ut
322 4173 520 4253 explicentur
544 4189 625 4251 opus
649 4179 707 4233 est.
730 4172 785 4232 Bis
809 4181 913 4233 tomen
935 4171 992 4251 ΧΙ,
1019 4171 1087 4232 199.
1111 4179 1144 4232 et
1164 4170 1239 4254 ΧΙΙ,
1263 4171 1346 4235 213:

772 4281 846 4341 Rite
865 4287 1014 4340 socratas

267 4390 310 4450 ln
326 4391 490 4468 flammam
511 4389 660 4465 νἰιχαίσηί
677 4389 828 4466 pecudea.

184 4493 305 4555 Notatu
327 4491 453 4574 dignius
473 4495 536 4569 est,
573 4492 655 4575 quod
693 4510 797 4572 popae
829 4489 1000 4553 victimarii
1031 4491 1152 4554 cultros
1182 4505 1431 4574 supponunt.

181 4601 242 4684 Vl,
264 4600 342 4661 248:
732 4607 735 4611 ’
977 4584 981 4589 ’

263 4706 458 4785 Supponunt
477 4711 534 4770 ulii
553 4709 673 4770 cultroe
694 4708 893 4786 tepidumque
914 4724 1059 4766 cruorem

262 4813 453 4894 Suscipiunt
461 4822 592 4895 poteria.
810 4808 814 4824 ‘
