3022 5234
197 227 257 289 nt
694 230 752 292 De
775 231 937 315 legatis.

194 418 273 492 stat,
294 420 398 474 utrum
420 410 482 493 ipsi
501 409 579 474 rami
602 411 782 476 velamenta
803 415 878 497 sint,
902 423 936 476 ut
947 415 1111 496 Vergilius
1132 424 1231 480 rumis
1245 423 1364 484 relatos
1379 436 1442 505 ap-¹

192 518 362 599 peilatau
385 508 568 592 derude'rmg
589 530 621 582 et
643 524 765 598 vittae,
787 533 819 585 et
842 526 919 586 rami
940 535 1105 606 ponantur.
1148 528 1313 590 Posterius
1337 534 1441 616 magis

193 630 308 708 placet.
350 629 466 706 XXX,
490 626 546 690 36:
579 629 698 709 „Haud
721 632 830 710 procul
852 632 981 713 oberat,
1014 650 1111 713 quum
1134 634 1275 695 velata
1305 636 1444 700 infulis

194 738 401 816 ramisque
424 737 547 797 oleae
570 737 884 820 Carthaginiensium
909 744 1043 802 occurrit
1058 746 1162 803 navis.
1205 743 1326 805 Decem
1344 747 1443 827 legati

194 853 283 904 eraut
303 846 460 925 principes
483 847 622 906 civitatis
646 851 812 918 (oratores
839 853 945 937 prima
974 851 1012 909 de
1030 857 1125 926 pente
1153 850 1251 932 Verg.
1274 852 1333 926 xl,
1354 851 1442 926 331.)
1486 862 1496 880 '

193 964 326 1017 auctore
353 956 531 1016 Hannibale
559 957 649 1016 missi
678 955 719 1017 sd
740 956 907 1036 petendum
930 976 1051 1037 pacem.
1095 959 1156 1038 Qui
1179 977 1274 1039 quum
1297 958 1339 1019 ad
1361 977 1443 1039 pup-

192 1064 255 1150 pim
278 1061 569 1144 praetoriae‘navis
590 1062 820 1146 accessissent,
841 1062 1084 1126 velamenta
1105 1069 1328 1148 supplicum
1351 1086 1441 1149 por·

192 1171 392 1252 rigentes,
427 1178 553 1232 orantes
575 1169 843 1252 implorantesque
864 1171 959 1233 fidem
982 1181 1014 1234 et
1036 1175 1287 1239 misericordiam
1309 1177 1440 1257 Scipio-

192 1277 276 1340 nis.“
319 1277 461 1357 XXXV,
483 1275 537 1338 34:
569 1277 723 1339 »hiberos
748 1286 780 1340 et
804 1282 973 1364 coniugem
996 1284 1067 1344 eius
1089 1300 1160 1345 cum
1184 1285 1312 1349 sordida
1334 1297 1441 1368 veste,

193 1399 339 1454 tenentes
372 1389 605 1452 velamenta
633 1389 885 1470 supplicum,
914 1392 1101 1452 concionem
1130 1392 1330 1473 frequentem
1351 1395 1439 1457 adire

192 1494 332 1562 iubent.“
374 1490 496 1577 Xlr'lV,
520 1497 570 1560 19:
613 1496 806 1577 „Sacrificio
835 1498 895 1558 rite
922 1497 1063 1576 perlecto
1092 1500 1183 1578 primi
1211 1487 1440 1589 ‘Alexandrini

191 1608 289 1690 legati
309 1606 349 1668 ab
366 1606 548 1666 Ptolemaeo
571 1612 604 1666 et
631 1603 802 1685 Cleopatra
822 1605 953 1687 regibus
984 1608 1091 1668 vocati
1124 1620 1208 1673 sunt.
1265 1611 1438 1690 Sordidae,

193 1720 290 1781 barba
323 1729 355 1780 et
386 1717 499 1798 capillo
527 1717 707 1797 promisso,
738 1733 825 1776 cum
853 1716 975 1778 ramis
1003 1717 1125 1778 oleae
1153 1718 1290 1800 ingressi
1320 1707 1440 1786 cirrum

192 1830 443 1912 procubuerunt,
474 1835 507 1888 et
529 1825 640 1904 oratio,
663 1844 755 1906 quam
787 1824 912 1889 habitus
920 1867 933 1908 ,
971 1825 1029 1888 fuit
1057 1825 1297 1891 miserabilior.“
1339 1830 1442 1895 Audis

191 1940 301 2020 itaque
330 1956 349 1999 a
382 1936 491 2011 Livio,
527 1953 645 1994 morem
668 1933 759 1994 oleae
780 1936 812 1993 in
835 1937 962 2013 signum
985 1933 1072 2013 pacis
1094 1935 1305 2019 porrigendae
1326 1960 1441 2005 revera

193 2048 353 2112 Graecum
378 2064 471 2116 csse,
501 2042 584 2125 quod
607 2062 649 2103 ex
670 2043 747 2103 artis
770 2051 1042 2104 monumentorum
1065 2045 1155 2124 copia
1178 2045 1355 2107 confirmari
1378 2067 1439 2127 po·

192 2157 273 2219 terit
317 2154 382 2216 Sed
405 2151 560 2234 quomodo
582 2160 708 2232 poetam
732 2162 873 2212 nostrum
898 2170 917 2213 a
940 2151 993 2212 tali
1016 2151 1086 2212 labe
1106 2149 1339 2218 defendemus?
1365 2156 1439 2218 Nou

192 2264 392 2348 negandum,
417 2264 520 2344 ipsum
551 2260 612 2322 hoc
639 2262 711 2322 loco
741 2256 900 2322 Graecum
922 2260 1013 2321 ritum
1034 2257 1224 2343 adoptasse,
1250 2260 1311 2323 sed
1344 2266 1440 2327 talem

192 2374 303 2447 ritum,
340 2372 411 2453 qui,
444 2389 538 2453 quum
573 2372 709 2451 populus
739 2369 903 2432 Romanus
933 2368 990 2430 vix
1028 2388 1164 2451 unquam
1193 2368 1234 2432 ad
1265 2390 1378 2453 preces
1407 2381 1438 2435 et

191 2480 436 2562 supplicationes
456 2479 539 2539 bello
562 2480 667 2540 vietus
688 2478 783 2539 inerit
804 2476 965 2558 delapsae,
988 2496 1007 2541 e
1027 2480 1129 2557 patria
1148 2472 1219 2558 ipsa
1240 2481 1361 2541 arcessi
1378 2501 1437 2541 ne-

192 2606 348 2670 quaquam
370 2595 503 2666 poterat.
544 2587 605 2650 Ubi
629 2586 710 2648 enim
734 2587 861 2649 occasio
884 2606 1011 2667 semper
1032 2586 1144 2669 deluit,
1166 2586 1205 2648 ihi
1226 2596 1295 2648 mos
1310 2606 1437 2671 qnoque

189 2696 310 2777 patrius
351 2694 453 2757 excoli
487 2698 605 2774 nequit.
656 2694 761 2772 Quium
805 2694 899 2776 igitur
937 2695 1098 2774 supplices
1134 2693 1227 2756 modo
1268 2697 1437 2779 Troianos,

191 2802 404 2895 modo‘llalos
427 2802 589 2872 redderet,
622 2822 684 2862 non
718 2811 805 2880 erat,
839 2799 921 2882 quod
956 2821 1073 2862 morem
1108 2820 1149 2861 ex
1171 2801 1304 2863 historia
1325 2806 1436 2884 partim

192 2911 337 2987 Graeca,
376 2914 487 2994 partim
517 2914 661 2975 Romana
690 2912 888 2973 iratissimum
913 2909 1074 2992 Graecum
1096 2913 1251 2979 reliceret.
1294 2911 1439 2995 Denique

192 3044 271 3086 vero
292 3043 356 3085 rron
376 3021 502 3102 dubito,
532 3022 603 3101 quin
625 3021 665 3080 ab
688 3021 766 3098 ipsis
787 3020 848 3081 ills
865 3019 1063 3099 nationibuS,
1086 3038 1166 3101 quae
1191 3021 1332 3101 Augusti
1354 3029 1438 3082 tem-

191 3151 269 3213 pore
288 3131 422 3193 Romam
447 3126 679 3188 coruveniebant
699 3127 927 3206 supplicantes,
948 3124 1040 3186 iidem
1061 3126 1103 3188 illi
1126 3146 1230 3189 mores
1244 3129 1308 3190 siut
1323 3128 1437 3191 obser-

190 3243 269 3321 vati,
292 3259 311 3302 a
334 3239 540 3321 Vergilioque
562 3245 672 3297 nostro
695 3237 803 3297 nescio
826 3255 865 3298 an
888 3235 951 3297 siut
974 3235 1042 3317 ipso
1064 3236 1210 3318 spectati.

761 3487 793 3577 n.
816 3492 866 3555 53.

691 3651 750 3704 llo
768 3648 925 3714 legatus.

277 3821 422 3904 Legatos
443 3818 526 3900 apud
548 3818 721 3880 Homerum
744 3835 918 3898 praecones
941 3819 1133 3897 invenimus,
1154 3817 1237 3898 apud
1261 3816 1437 3899 Vergilium

190 3930 399 4012 posteriorum
427 3931 484 3991 vix
515 3948 607 3991 unam
621 3972 631 4009 ,
664 3936 814 4008 quantum
847 3927 934 4006 scio,
965 3926 1174 4004 mentionem,
1198 3926 1261 4003 (V,
1282 3925 1371 4000 245.)
1388 3928 1437 3986 la·

191 4052 287 4122 gatos
309 4057 387 4099 vero
411 4056 471 4098 non
493 4056 563 4098 raro
587 4035 707 4098 obvios.
750 4035 846 4096 'l'aler
869 4035 1000 4095 Aeneas
1023 4033 1156 4113 1,510:

272 4176 401 4238 Anthea
422 4175 670 4254 Sergestumque
690 4173 773 4232 uidet
789 4174 967 4251 sortemque
980 4169 1181 4256 “conatuum

278 4285 530 4363 Teucrorumque
550 4282 630 4343 olins
651 4321 781 4344 .....

108 4480 110 4484 .
189 4417 214 4492 l,
237 4416 314 4478 518:

647 4519 733 4579 Nom
756 4519 1006 4580 lectionarius
1026 4521 1122 4591 ibant,

275 4632 413 4696 Orontes
433 4634 572 4709 nenium,
590 4634 622 4688 et
641 4626 790 4706 templum
812 4627 947 4687 clamore
963 4630 1120 4705 petebant.

189 4767 350 4850 Deinceps
369 4764 637 4848 introgrediuutur
659 4762 700 4824 ad
721 4761 876 4824 Didonem
898 4769 929 4823 et
949 4780 1056 4824 coram
1077 4764 1153 4823 clato
1175 4763 1265 4840 copia
1276 4762 1382 4844 fundi,
1403 4767 1441 4825 ut
