3022 5234
128 197 192 263 Μ
602 203 909 281 lieveoatione.

723 384 860 464 Spionia
878 389 998 448 dentre

209 487 369 557 Sallentini
384 497 577 570 prensatque
598 497 701 555 tenaci
717 495 837 573 forcipe
853 498 988 577 serum.
1115 500 1140 521 ·’

128 594 180 658 ubi
199 594 340 661 medicus
360 616 422 661 ooo
442 617 535 660 manu
557 599 637 675 soie,
657 598 714 667 ‚sed
736 618 796 663 suo
818 602 880 664 inm
900 602 1106 665 iostmmento
1128 603 1251 686 forcipe
1266 605 1370 669 utitur.

127 701 177 765 ru
199 704 345 771 conferas
366 713 537 784 praecepta
554 703 595 764 dc
609 706 736 788 sogittis
750 706 944 786 recipiendis
958 709 989 768 io
1006 707 1093 773 Celsi
1108 707 1224 772 Medic.
1240 711 1318 794 Vn,
1338 713 1372 790 5,

127 810 165 873 2:
189 810 397 881 esttamen
420 811 576 892 [arundo]
598 812 724 889 decidit,
744 816 909 895 solumque
931 818 1017 878 intus
1038 817 1154 879 ferrum
1174 827 1239 893 est,
1263 838 1370 884 mucro

128 920 182 981 vet
202 918 350 998 digitis
376 918 566 1000 apprehendi
594 921 646 981 vel
668 918 830 1000 forcipe
850 929 947 999 atque
969 922 1012 984 ita
1035 921 1126 984 oduei
1147 923 1272 987 debete
1296 928 1370 989 Ve-

130 1046 188 1090 nus
210 1025 323 1090 deinde
345 1026 468 1091 medioo
489 1026 605 1095 frustra
626 1035 800 1107 temptante
822 1027 1018 1093 Dietamonm
1040 1031 1112 1093 411.
1133 1033 1273 1112 adhibet,
1295 1037 1371 1102 4¹42

508 1137 582 1196 Non
603 1136 660 1195 illu
679 1137 761 1214 feris
781 1140 941 1213 inaequitas
963 1143 1070 1215 caprio
1098 1208 1102 1217 Ι

218 1243 384 1318 Gramine,
408 1264 476 1305 cum
500 1251 587 1320 terne
608 1245 752 1304 volueres
773 1245 905 1305 haesere
925 1250 1068 1322 sagittae.

135 1349 546 1426 censuarios:
589 1349 767 1431 »copres
798 1359 903 1413 autam
934 1351 965 1414 in
994 1351 1092 1414 Creta
1114 1353 1245 1432 ieras,
1280 1375 1373 1438 quum

133 1467 242 1522 essent
263 1457 408 1522 confixae
429 1458 594 1520 venenatis
615 1459 765 1542 sagittis,
794 1457 924 1521 herbam
947 1478 1113 1541 quaerere,
1132 1480 1215 1545 quae
1237 1461 1372 1526 dictam-

132 1585 191 1628 nus
214 1574 402 1641 reveretur,
437 1586 530 1648 quam
554 1585 649 1646 quum
671 1570 912 1652 gustavissent,
936 1572 1072 1653 sagittas
1093 1570 1244 1637 excidere
1268 1572 1372 1637 dieunt

137 1698 156 1741 e
177 1679 338 1759 corpore.“
371 1677 524 1741 Extremo
545 1678 617 1739 leco
639 1678 725 1759 lapis
746 1676 871 1760 spargit
890 1677 968 1740 419:

103 1770 105 1775 ¹
214 1785 399 1848 Ambraciae
418 1806 514 1846 ancos
536 1791 568 1845 et
587 1787 777 1865 odoriferam
795 1805 980 1864 peseneeom.

135 1891 186 1956 cf.
209 1893 288 1957 Ptin.
312 1893 353 1954 N.
377 1893 418 1957 H.
440 1892 551 1973 XXV,
577 1892 634 1954 ll:
660 1893 831 1970 „Panaces
853 1891 922 1972 ipso
944 1896 1069 1954 nemine
1091 1893 1227 1955 omnium
1249 1893 1375 1954 morbo-

133 2020 203 2063 rum
224 2000 364 2062 remedia
386 2001 548 2081 premittit,
572 2019 774 2063 numerosum
796 2011 828 2063 et
851 1999 910 2062 diis
931 2000 1148 2069 inventoribus
1164 1998 1373 2081 ascriptum.“

217 2108 289 2168 Atia
319 2106 472 2188 quaedam
503 2108 581 2169 artis
610 2107 753 2172 medicae
781 2108 996 2189 experimenta
1024 2126 1081 2188 per
1112 2103 1275 2189 Georgica
1304 2117 1374 2171 suot

135 2231 257 2297 sparsa.
300 2215 344 2278 Ut
364 2215 588 2278 veterinariam
612 2215 662 2293 (v.
686 2235 718 2299 g.
740 2217 800 2297 111,
823 2216 895 2278 440.
917 2214 1004 2288 566.)
1027 2222 1164 2294 taceam,
1185 2214 1250 2277 huc
1270 2216 1372 2295 perti-

136 2332 190 2385 uat
212 2322 252 2385 de
275 2324 356 2385 male
380 2322 502 2387 modico
523 2325 574 2400 11,
599 2318 674 2385 134:

219 2434 299 2501 Fies
321 2437 485 2512 adprime
508 2441 627 2512 tenem5
648 2440 771 2495 enciens
793 2441 826 2494 et
844 2435 962 2494 olentia
982 2433 1073 2495 Medi

222 2543 289 2606 Ore
304 2546 415 2625 secent
434 2543 488 2607 ille
509 2549 542 2604 et
559 2545 689 2604 senibus
710 2545 906 2605 medicentur
930 2541 1064 2603 anhelis.

144 2647 263 2714 Cetera
289 2648 329 2713 ad
351 2657 450 2713 artem
471 2649 627 2735 magicam
650 2651 813 2730 pertinent

711 2878 750 2988 s?
768 2905 818 2966 ⁸⁵-
903 2912 906 2917 ⁴

605 3063 663 3116 lte
680 3059 908 3115 venatione.

223 3232 259 3293 ln
280 3231 384 3296 animo
405 3249 533 3312 quoque
554 3231 622 3306 tuit,
638 3231 678 3293 de
699 3231 892 3314 agricultura
907 3229 1120 3292 Romanorum
1135 3245 1154 3286 e
1169 3231 1263 3305 poete
1277 3239 1380 3303 quae-

144 3337 218 3403 dem
238 3338 373 3419 addere,
401 3359 514 3402 verum
536 3359 630 3423 quum
653 3359 712 3402 non
733 3337 849 3419 singuli
881 3336 1025 3398 carminis
1047 3338 1139 3396 unius
1161 3350 1295 3416 versus,
1323 3329 1382 3392 sed

122 3445 447 3529 *iutegroflaergica
469 3445 605 3509 fuissent
626 3442 843 3523 describenda,
866 3440 1113 3522 interpretanda,
1149 3442 1248 3500 vitam
1278 3438 1377 3499 rusti·

144 3570 214 3615 cam
231 3553 270 3614 nb
291 3554 355 3635 illo,
378 3572 471 3635 quam
493 3552 686 3632 adumbravi,
711 3552 776 3612 vita
798 3552 833 3611 P.
850 3549 889 3612 lt.
911 3549 1031 3633 urbana
1053 3547 1280 3631 seiungendum
1305 3563 1381 3607 esse

143 3660 229 3726 duxi.
270 3661 459 3725 Venetianis
495 3663 595 3723 sotios
623 3661 720 3721 liceat
748 3674 851 3739 pauco
876 3655 927 3718 bic
959 3656 1091 3719 artifieio
1118 3654 1260 3716 delibari.
1302 3653 1381 3712 love

144 3777 298 3853 regnante
320 3767 442 3852 Georg.
465 3771 495 3852 1,
521 3767 593 3830 139:

230 3875 308 3936 Puro
328 3874 452 3953 laqueis
471 3881 600 3952 enotare
616 3875 718 3954 seros,
741 3878 773 3933 et
789 3872 907 3951 saliere
928 3877 1010 3933 eece

226 3986 405 4059 Incertum,
428 3987 608 4055 simeones
629 3980 760 4039 canibus
781 3973 977 4040 circumdare
997 3977 1113 4037 sottus.

148 4093 199 4159 Cf.
220 4094 332 4173 Eelog.
353 4091 396 4175 X,
415 4090 465 4151 57.
507 4085 639 4150 Inveo'ta
662 4087 757 4150 etiam
779 4086 934 4177 suntiv,
957 4082 1039 4147 131:
1143 4084 1263 4151 3e,(.·=„,

229 4205 322 4270 Retia
342 4221 429 4284 roro,
449 4199 575 4276 pioque,
595 4199 657 4258 tote
678 4197 836 4259 venabulo
852 4166 944 4275 ieire
1154 4188 1158 4192 ’
1193 4180 1196 4189 ’

231 4348 594 4376 ........
618 4352 643 4371 ,.
686 4307 833 4366 stertere
854 4323 969 4365 annum
990 4307 1047 4364 eis.

148 4418 200 4480 ubi
223 4418 375 4481 Servios:
416 4411 618 4498 „Sciendum
639 4422 766 4490 temon,
787 4412 905 4493 inquit,
927 4411 1050 4492 proprie
1071 4410 1182 4492 plagas
1204 4409 1264 4473 dici
1287 4413 1385 4474 tunes

148 4525 232 4606 ilios,
252 4524 366 4605 quibus
386 4525 467 4588 retia
489 4520 656 4584 tenduntur
675 4521 760 4583 circs
780 4520 873 4583 imam
894 4528 928 4582 ot
948 4537 1104 4582 summum
1127 4520 1279 4600 partem.“
1301 4518 1386 4600 (lsi-

151 4631 216 4698 der.
244 4633 344 4713 XIX,
360 4633 411 4710 Δ5,
441 4632 492 4706 1.)
533 4628 627 4715 Apud
658 4627 801 4713 Scythas
828 4646 944 4692 oervos
963 4648 1020 4710 per
1040 4629 1143 4692 nivem
1181 4625 1304 4711 (ieorg.
1324 4630 1387 4706 -111,

152 4738 230 4804 3⁷1:
1188 4782 1192 4788 .
1377 4768 1380 4773 -
