3022 5234
374 270 430 329 lie
452 269 631 326 tironum
653 255 1044 321 exercitationibus.
1284 252 1321 315 61

88 461 180 539 Vlii,
204 453 280 519 593:

418 559 589 636 ldrrlqeutr's
610 574 683 615 aere
704 560 911 631 cuterooe,

89 675 237 734 nominet.
278 672 359 732 Item
381 672 425 752 X,
449 667 527 729 194:

169 779 290 859 Filius,
313 779 458 858 aequatis
479 779 646 836 comitatus
670 773 775 833 closae
798 776 1007 848 coturnus,

91 888 234 969 Ornytus
255 888 298 969 X,
318 888 399 962 682,
421 887 477 966 qui

502 994 579 1069 Ipse
602 989 779 1050 cotcror's

177 1104 319 1163 Vertitur
340 1104 376 1160 iu
396 1099 517 1162 mediis.

90 1211 149 1294 Xi,
171 1209 250 1274 55³:

504 1315 622 1378 Sucro’
632 1323 817 1387 caterno,

91 1430 150 1510 XI,
171 1427 249 1491 564:

504 1532 630 1609 Magno
650 1563 691 1573 -
713 1561 754 1573 -
775 1537 957 1604 caterno,

91 1657 123 1712 et
145 1666 213 1710 vox
234 1647 287 1708 illa
308 1642 465 1727 'l'olumnii
485 1644 562 1719 XII,
584 1641 663 1703 264:

342 1753 407 1813 Vos
430 1755 576 1812 unanimi
596 1755 729 1812 densotc
750 1756 943 1811 coteroor.

90 1860 175 1923 nullo
199 1861 325 1923 notione
344 1858 500 1943 singulari
521 1866 596 1919 sunt
618 1855 814 1939 explicanda.
858 1856 990 1919 Tadbus
1009 1856 1175 1919 vocabulis
1190 1864 1223 1919 et
1238 1866 1332 1938 poeta

91 1978 123 2032 et
145 1967 322 2049 scriptores
343 1966 386 2029 ad
406 1966 573 2050 vulgarem
595 1964 857 2029 consuetudinem
879 1971 1017 2029 utuntur.

670 2182 706 2272 u.
726 2188 777 2250 ro.

390 2346 450 2398 lie
466 2344 654 2399 tironum
672 2343 1047 2401 exercitationibus.

175 2513 317 2596 Vegetio
339 2515 380 2595 11,
411 2513 462 2576 23.
485 2522 616 2576 auctore
636 2515 776 2575 iuniores
798 2512 922 2596 quidem
945 2521 978 2575 et
999 2513 1076 2575 novi
1096 2514 1232 2594 legionis
1252 2513 1335 2576 miii-

92 2633 144 2685 tes
165 2641 258 2683 mane
277 2629 310 2682 et
331 2629 404 2701 post
425 2621 587 2684 meridiem
608 2620 649 2683 ad
672 2640 763 2683 omne
783 2639 889 2705 genus
911 2640 1069 2684 armorum
1092 2621 1335 2703 exercebantur,

94 2739 227 2792 veteres
256 2741 361 2795 autem
392 2740 424 2795 et
456 2730 569 2795 eruditi
598 2733 666 2794 siue
695 2733 1053 2819 intermissionesemei
1073 2734 1104 2794 in
1126 2733 1178 2795 die
1198 2750 1336 2794 exerce-

94 2839 209 2902 bantur
235 2841 268 2900 in
290 2839 394 2902 armis.
439 2837 492 2902 Ad
521 2839 625 2922 palum
659 2841 713 2901 vei
744 2838 845 2900 sudes
871 2838 1009 2902 iuniores
1039 2840 1199 2924 exerceri,
1234 2842 1336 2923 saltus

93 2964 219 3028 quoque
240 2946 296 3009 vel
315 2946 400 3009 ictus
419 2947 537 3019 facere,
569 2945 698 3030 sagittis
719 2946 846 3027 signum
868 2953 1012 3026 tangere,
1032 2964 1126 3009 manu
1147 2947 1216 3009 sola
1236 2942 1335 3008 libra-

92 3055 135 3114 lia
157 3073 239 3116 saxa
259 3055 391 3136 iactare,
414 3054 546 3117 missilia
566 3054 724 3137 dirigere,
756 3054 870 3115 silvam
898 3052 1047 3133 caedere,
1078 3062 1207 3134 portare
1229 3073 1335 3136 onero,

95 3175 206 3224 namra
232 3162 263 3223 in
289 3163 367 3223 mari
394 3162 448 3224 vei
473 3161 666 3235 fluminibus,
704 3178 829 3223 currere
855 3163 950 3222 etiam
978 3160 1090 3221 armati
1110 3178 1181 3221 cum
1202 3160 1338 3222 sarcinis
1444 3166 1448 3171 '

94 3270 164 3332 suis
198 3268 378 3332 adsuefacti
414 3278 498 3331 sunt.
560 3270 609 3331 De
642 3269 790 3332 oneribus
820 3267 988 3349 portandis
1018 3267 1180 3351 Vegetius
1212 3269 1244 3349 1,
1280 3267 1338 3332 19:

94 3375 258 3460 „Pondus
275 3393 416 3459 quoque,
446 3377 505 3453 ait,
535 3377 676 3440 baiulare
697 3395 799 3458 usque
820 3374 860 3438 ad
881 3376 953 3437 LX.
975 3375 1071 3437 libras
1092 3382 1125 3436 et
1146 3378 1208 3438 iter
1228 3376 1338 3440 iacere

94 3484 197 3565 gradu
218 3485 341 3547 militari
360 3485 618 3568 frequentissime
639 3484 774 3566 cogendi
795 3491 870 3547 sunt
890 3484 1031 3546 iuniores
1053 3515 1086 3527 -
1106 3516 1148 3529 -
1169 3517 1211 3528 -
1233 3484 1339 3564 Quam

93 3608 161 3650 rem
188 3593 337 3673 antiquos
364 3591 481 3653 milites
508 3591 708 3654 factitavisse
730 3590 874 3674 Vergilio
901 3597 987 3652 teste
1009 3587 1148 3676 [Georg.
1169 3590 1338 3677 lin-utu]

17 3722 21 3731 ·
96 3698 314 3779 cognoscitur,
338 3697 390 3779 qui
411 3698 472 3760 ait:
584 3680 591 3691 ⁰

180 3804 256 3865 Non
276 3826 378 3873 occur<
392 3827 431 3867 uc
451 3810 567 3883 patrita
587 3826 661 3868 ocor
682 3808 846 3869 Romanus
866 3808 901 3864 in
923 3807 1022 3864 ormeir
1069 3804 1077 3821 ‘

178 3912 303 3974 Iniuste
323 3915 494 3995 subfusco
513 3917 597 3976 oium
621 3935 690 3976 curn
712 3917 818 3992 carpit
835 3919 867 3974 ct
886 3913 971 3973 boati

179 4020 266 4083 Ante
287 4029 508 4100 eacpcctotunr
526 4025 642 4099 postne
663 4028 730 4083 etot
749 4026 783 4082 r'n
807 4023 934 4097 cymino
955 4023 1101 4083 castriae

94 4126 242 4191 Eandem
264 4129 303 4189 ob
326 4146 456 4191 causam
479 4130 554 4211 Vll,
578 4129 647 4192 162.
669 4128 777 4191 Latini

179 4237 266 4300 Ante
286 4239 395 4301 urbem
411 4243 509 4318 pueri
527 4247 559 4301 ct
576 4243 738 4318 primaevo
755 4243 835 4319 flore
856 4243 1005 4303 iurentur

177 4349 387 4408 Exercentur
409 4353 509 4428 equis,
532 4350 748 4435 domitantque¹
766 4353 800 4410 r'n
817 4351 950 4428 putrere
971 4369 1105 4431 currus,

179 4455 249 4517 Aut
269 4459 356 4517 ucria
378 4461 514 4520 tendunt
532 4478 642 4541 orcus,
663 4465 721 4520 out
740 4459 826 4520 tento
853 4447 980 4521 incertia

180 4563 315 4644 Spicula
336 4572 553 4645 contorquent,
576 4586 737 4647 cursuque
758 4573 886 4647 ictuque
907 4567 1077 4629 toceemnt.

98 4691 196 4773 Quod
218 4695 342 4776 equites
363 4692 487 4774 attinet,
509 4694 650 4776 Vegetio
672 4696 698 4776 1,
730 4695 778 4756 18.
800 4700 885 4755 teste
904 4710 996 4776 „non
1017 4693 1137 4750 tontum
1160 4719 1200 4730 -
1221 4704 1241 4748 a
1261 4687 1340 4748 tiro-

95 4797 206 4881 nibus,
238 4797 298 4859 sed
327 4801 423 4879 etiam
450 4799 704 4881 estipendiariis
725 4797 876 4862 militibus
897 4796 1002 4858 salitio
1024 4813 1177 4875 equorum
1200 4793 1341 4857 districte
