3022 5234
463 246 518 308 De
548 248 728 307 numeris
761 247 904 308 sacris

155 428 353 503 Quattuor
374 431 425 489 laia
445 427 610 489 armfalm
630 429 675 488 cd
692 428 823 489 delubra
845 431 976 489 deorum
997 426 1001 432 ’

157 534 330 597 consutae.
601 534 605 538 ’

73 643 230 722 Quattuor
249 663 325 706 arae
346 646 458 728 Eclog.
482 647 534 728 V,
554 645 615 722 65,
636 655 671 707 ut
693 646 845 726 vidimus,
868 646 898 708 in
921 644 982 707 duo
1004 654 1077 707 snut
1097 649 1183 726 peria
1205 647 1315 709 distri·

73 751 234 827 huendae‚
259 754 365 834 itaquo
395 755 457 816 hoc
484 775 611 837 quoque
646 757 715 818 loco
745 754 807 816 dno
830 757 909 817 torui
930 773 1003 817 cum
1027 755 1149 817 duabus
1171 757 1317 818 iuvencis

74 858 212 940 Orpheo,
235 859 297 923 duo
318 861 488 924 Euridicac
506 871 600 929 erunt
621 861 786 924 tribuendi.
832 861 991 940 Quattuor
1024 879 1124 942 equos
1152 862 1219 936 ΙΙΙ,
1246 861 1317 924 537.

72 965 111 1027 ab
133 965 274 1026 Anchisa
295 967 324 1027 in
353 974 495 1048 gramine
519 969 630 1046 visos,
664 976 696 1028 et
724 969 837 1047 quibus
862 969 1051 1030 Salmoneus
1072 968 1232 1029 invehitur
1254 969 1314 1044 Vl,

71 1071 155 1150 587„
185 1077 248 1135 iam
276 1092 374 1155 supra
407 1076 448 1138 ad
475 1077 694 1158 triumphalem
731 1094 855 1140 currum
878 1077 991 1139 rettuli.
1040 1079 1156 1156 Neque
1185 1075 1318 1156 denique

71 1182 303 1265 negligendum
325 1194 393 1265 est,
432 1184 514 1265 quod
536 1188 582 1261 ΙΙ,
602 1184 778 1246 cro-623.
801 1192 949 1265 quattuor
968 1187 1107 1265 numina,
1130 1185 1317 1265 Neptunum

74 1289 169 1366 luno,
194 1289 312 1369 Pallae,
333 1292 474 1372 luppiter
494 1293 611 1353 Troiae
632 1291 789 1353 excidium
812 1302 931 1371 parant.
975 1294 1074 1355 'l’este
1098 1293 1213 1354 Servio
1236 1293 1317 1354 Aen.

74 1395 131 1468 ΙΙΙ,
154 1393 211 1458 122
247 1396 317 1457 „uit
339 1401 449 1475 magni
467 1406 540 1459 sunt
561 1398 715 1477 luppiter,
740 1398 836 1472 Iuno,
868 1398 1032 1478 Minerva,
1054 1400 1245 1478 Mercurius,
1267 1409 1320 1482 qui

75 1499 198 1564 Rornae
219 1504 430 1565 colebantura
1188 1509 1191 1515 '

158 1610 233 1672 Vll.
276 1610 340 1671 Hic
361 1627 506 1671 numerus
528 1619 655 1691 propter
676 1609 814 1672 siderum
836 1614 958 1672 ratione
980 1611 1010 1673 in
1032 1614 1115 1674 omni
1136 1618 1320 1695 populorum

75 1718 143 1780 vite
162 1736 311 1800 magnam
332 1717 441 1779 habuit
468 1721 542 1779 vim.
584 1717 611 1779 u
645 1718 724 1780 locis
758 1719 956 1801 Vergilianis
977 1730 1098 1798 pancos
1120 1727 1320 1783 tantumne-

74 1824 220 1906 ligendos
242 1843 317 1888 esse
339 1825 428 1901 duxi,
451 1829 507 1906 qui
527 1824 568 1886 ad
590 1820 766 1907 Apollinem
788 1835 950 1907 artemque
972 1831 1126 1890 musicam
1147 1830 1320 1907 pertinenti

76 1931 208 1993 Phoebo
230 1932 416 2012 Dianaeque
441 1931 504 2008 Vl,
527 1930 582 1992 38:

159 2041 257 2102 Nunc
275 2060 373 2117 prope
395 2039 432 2102 dc
452 2042 567 2098 intacto
590 2045 742 2116 reptem
764 2046 904 2100 mactare
924 2043 1072 2100 iuvencae

158 2151 366 2216 Praesident,
391 2147 553 2206 totidem
576 2146 675 2205 lectae
696 2148 734 2204 de
755 2166 840 2205 neore
861 2146 1006 2209 bidentis.

78 2256 242 2320 Threicius
264 2253 417 2316 sacerdos
438 2252 517 2315 olo:
659 2243 664 2250 “

161 2363 346 2443 obloquitur
367 2365 508 2423 numeria
530 2366 682 2438 septem
703 2359 886 2419 discrimina
915 2379 1037 2420 vocure.

79 2474 195 2553 Eclog.
216 2473 267 2544 ΙΙ,
289 2469 346 2533 36:
733 2534 742 2545 ,

161 2582 227 2642 [cst
246 2580 327 2639 milti
345 2578 524 2653 dispartiat
547 2584 703 2655 reptem
725 2585 886 2654 compacta
907 2580 1019 2637 cicutis

161 2686 298 2749 Fistula.

59 2796 219 2875 ‚Septena
239 2796 301 2855 tela
329 2795 376 2871 X,
408 2792 478 2854 329.
500 2794 562 2854 iarn
584 2792 823 2872 explicavimus,
867 2797 996 2856 Aeneae
1023 2800 1270 2876 septemnaves
1292 2798 1319 2876 Ι,

82 2905 151 2971 170.
174 2913 356 2981 servantum
379 2915 502 2984 septem
531 2923 643 2965 cervos
669 2905 734 2966 192.
757 2906 869 2965 sternit
888 2918 919 2966 ct
942 2906 970 2965 in
993 2905 1063 2966 illas
1086 2923 1186 2966 naves
1210 2904 1319 2967 distri-

80 3013 156 3074 buit.
200 3014 325 3095 Anguis
350 3012 475 3074 iaustus
499 3013 549 3091 V,
570 3015 631 3077 85:

163 3120 325 3198 Septem
346 3125 460 3197 trepens
480 3140 589 3199 pyros,
612 3130 786 3199 septena
808 3124 967 3183 volumina
987 3127 1099 3186 tramit.

81 3232 173 3292 'l'alia
193 3231 223 3290 in
245 3228 503 3290 consuetudinem
524 3227 591 3290 fere
611 3229 758 3311 loquendi
779 3232 896 3291 abeunt
928 3233 1011 3292 nullo
1045 3229 1177 3292 consilio
1204 3244 1320 3288 arcano

80 3338 273 3400 inhaerente.

161 3446 234 3507 Xll.
276 3447 339 3507 Hic
361 3464 524 3519 nonnemo,
548 3464 642 3526 quum
659 3447 690 3507 in
712 3447 870 3507 mensibus
893 3448 974 3519 anni,
999 3445 1151 3529 prodigiis
1172 3447 1319 3520 (Suetou.

81 3558 167 3638 Aug.
188 3557 243 3618 94:
260 3556 330 3638 „his
350 3555 436 3615 senis
460 3553 601 3635 equis.“)
624 3556 784 3636 variisque
809 3556 1024 3619 Romanorum
1056 3555 1205 3618 institutis
1228 3555 1321 3616 fuerit

80 3664 250 3746 adhibitus,
273 3665 371 3725 variis
393 3663 564 3724 rationibus
584 3683 603 3725 a
626 3663 765 3745 Vergilio
787 3683 909 3746 quoque
932 3670 1108 3747 usurpatur.
1152 3662 1203 3724 Ad
1221 3682 1314 3724 men-

10 3797 12 3802 ’
80 3792 137 3835 ses
157 3773 230 3834 anui
252 3771 386 3852 pertinet
408 3771 517 3853 liclog.
540 3773 576 3851 Ι,
598 3769 656 3831 43:

161 3880 222 3940 Hie
243 3881 334 3940 illum
355 3880 420 3938 vidi
439 3883 592 3952 iuuenem,
618 3879 776 3948 Meliboee,
800 3881 971 3957 praetenuis

1228 2302 1237 2355 l

163 3987 191 4045 B
199 3990 234 4043 ie
260 4005 374 4047 conoe
395 3991 448 4046 cui
468 3994 578 4046 trostrn
602 3989 668 4045 dies
691 3986 807 4045 altaria
826 3989 967 4064 fumant.

78 4092 178 4153 'l'este
200 4093 361 4154 Macrobio
385 4097 419 4174 Ι,
441 4095 480 4155 9:
504 4095 628 4155 „Varro
651 4094 728 4154 libro
750 4098 856 4175 quinto
879 4096 939 4170 (fr.
961 4117 990 4177 p.
1012 4095 1110 4177 206.)
1134 4114 1236 4176 rerum
1257 4094 1319 4155 hu-

79 4224 242 4266 manarum
254 4207 371 4288 scribit,
395 4208 471 4267 Iauo
493 4203 656 4266 duodecim
680 4223 752 4266 aras
775 4223 830 4284 pro
853 4204 983 4267 totidem
1005 4206 1168 4268 mensibus
1191 4202 1322 4266 dedica-

77 4326 159 4376 tasa
203 4314 365 4376 Pertinont
386 4312 497 4374 deinde
520 4311 559 4374 ad
581 4313 732 4395 originem
754 4331 774 4374 a
796 4313 873 4374 Sole
894 4331 957 4375 avo
967 4357 979 4396 ‚
1004 4313 1089 4395 quod
1109 4312 1215 4376 Latini
1236 4319 1320 4372 tem-

72 4441 157 4503 pora
178 4424 262 4496 XII,
288 4419 361 4482 163:

160 4530 280 4592 Aerati
298 4531 360 4590 iis
382 4549 455 4589 cen
478 4529 561 4587 radii
577 4528 737 4606 fulpentia
759 4533 901 4605 cinpunt.

74 4658 118 4722 ad
126 4659 251 4722 Romuli
263 4660 427 4742 augurium
440 4655 607 4718 duodecim
620 4657 713 4736 cycni
734 4657 760 4733 Ι,
776 4653 858 4728 393,
872 4652 912 4716 ad
925 4655 1050 4734 publica
1066 4653 1220 4727 instituta,
1239 4651 1323 4732 quod

77 4768 138 4843 XI,
156 4764 232 4829 13³:
254 4767 315 4826 dic
335 4785 456 4825 conoe
475 4769 623 4840 pepipere
643 4765 709 4821 dies
727 4760 912 4822 indutiarum
932 4776 1044 4838 carisa,
1068 4757 1106 4820 ad
1120 4758 1324 4840 aliereliqns.
