3022 5234
595 231 797 297 Decuma

78 413 206 476 'l'ruiani
227 412 287 490 lX,
313 414 382 478 lea.
405 422 601 496 exposcunt:

160 522 295 584 Aeueuu
315 525 417 583 ucee'ra'
437 540 559 603 omues,
578 523 841 604 populusque
859 531 1096 607 putresque.

76 628 297 692 Memoranlur
318 631 346 710 l,
367 630 403 693 7:

160 739 342 819 Albaueipue
360 743 505 816 putres
526 738 629 818 adque
649 737 735 799 ultae
754 743 877 800 mcertio
897 740 1027 802 Romae.

78 845 132 907 ubi
153 846 291 926 aliquam
310 845 415 927 aliquo
436 847 506 906 inre
528 843 635 925 possis
655 842 784 905 iniicere
813 842 1058 924 dubitationem,
1086 851 1192 908 utrum
1214 854 1323 928 patres

78 952 142 1014 boc
160 952 232 1015 loco
253 955 319 1014 siut
338 950 400 1033 ipsi
418 949 559 1014 civitatis
581 952 750 1030 primores,
761 958 878 1034 gentes
897 949 1076 1034 nobiliores,
1091 967 1132 1013 au
1148 960 1327 1014 senatores.

80 1061 199 1141 Neque
220 1058 323 1121 minus
344 1064 397 1120 est
415 1052 600 1135 mirandum,
609 1051 693 1138 quad
705 1055 844 1119 Acestes
863 1055 909 1137 V,
918 1057 989 1121 757.
1001 1074 1088 1119 nove
1107 1055 1186 1120 urbe
1200 1056 1328 1126 condita

80 1192 214 1257 reguum
236 1170 385 1254 suscipit,
1035 1187 1038 1193 ·

162 1284 343 1361 Iudicitpue
359 1284 468 1364 forum
489 1287 523 1343 et
537 1275 724 1360 putribus
744 1281 800 1342 dul
820 1283 894 1343 iuro
915 1285 1085 1344 cucutia.

82 1388 242 1452 Abhorret
262 1388 346 1451 enim
366 1405 386 1450 a
407 1387 545 1452 Romani
567 1396 700 1450 senatus
722 1386 901 1471 maiestate,
932 1396 969 1452 ut
993 1391 1096 1474 leges
1114 1373 1160 1449 illi
1180 1387 1329 1450 scriban-

82 1505 143 1558 tur.
167 1494 368 1576 Quapropter
389 1495 497 1558 Servii
516 1510 642 1576 quoque
661 1494 832 1576 explicatio
854 1498 975 1558 rem-in
997 1495 1144 1578 ambiguo
1166 1495 1328 1577 relinquit:

84 1605 170 1682 „ilat
194 1600 349 1666 condendi
369 1605 446 1666 iuris
468 1611 662 1686 potestatem
679 1602 743 1685 his,
767 1620 847 1684 quos
869 1602 1088 1685 appellaverat
1108 1612 1237 1685 putres,
1275 1609 1332 1664 aut

84 1721 174 1774 certe
193 1710 321 1774 vocatis
341 1712 485 1793 patribus
506 1711 574 1773 iura
594 1709 781 1773 distribuit.“
804 1708 928 1773 Verum
948 1713 1095 1790 putribus
1123 1714 1246 1772 coculis
1267 1729 1331 1772 non

86 1826 139 1881 est
157 1817 336 1900 appelletis,
359 1817 418 1881 sed
440 1818 640 1901 convocetis,
662 1826 698 1880 ut
716 1818 776 1894 xl,
788 1815 859 1880 379.
879 1820 960 1881 Iura
980 1820 1058 1880 dure
1077 1820 1214 1880 ltasune
1226 1815 1332 1899 possis

86 1908 236 1988 bucstro
256 1942 356 1988 seusu
377 1926 534 2009 accipere,
556 1933 591 1988 ut
603 1924 772 2008 privilegia
794 1922 832 1986 iis
842 1940 1003 1988 concessa
1017 1923 1196 2003 arbitreris3
1218 1943 1333 1987 verum

86 2033 149 2095 boc
171 2050 299 2114 quoque
319 2052 340 2096 a
360 2032 544 2118 vulgariae
564 2033 637 2096 trita
657 2031 893 2114 significatione
905 2032 998 2095 nimis
1011 2033 1158 2096 alienum.
1180 2030 1333 2096 Difficul-

85 2149 136 2203 tus
157 2128 202 2202 itu
223 2141 317 2204 alicui
338 2139 486 2203 videatur
506 2157 582 2202 csse
603 2136 813 2222 expedienda.
825 2196 828 2200 .
842 2141 983 2203 Acestes
1006 2159 1099 2224 quum
1120 2158 1281 2205 summurn
1298 2144 1333 2204 in

84 2265 144 2310 sua
165 2247 298 2310 civitate
318 2265 434 2310 recens
455 2247 581 2312 conditu
599 2247 766 2328 imperium
788 2246 943 2329 obtineat,
964 2266 1028 2309 uon
1041 2248 1145 2312 forum
1160 2250 1263 2312 solum
1281 2250 1333 2312 iu-

85 2354 161 2419 dicit
182 2357 201 2417 i.
223 2374 252 2416 c.
274 2375 337 2419 non
358 2358 474 2438 populu
498 2363 618 2418 tuntum
638 2342 731 2440 leges
752 2355 836 2438 tigit,
850 2355 922 2437 sed,
937 2363 973 2418 ut
982 2356 1152 2433 Romulus,
1165 2365 1335 2421 senatores

86 2471 185 2543 creat,
209 2483 385 2546 eorumque
405 2471 599 2547 potestatem
620 2465 744 2546 legibus
767 2462 1005 2526 circumscribit
1036 2463 1223 2546 Quanquam
1251 2469 1335 2526 sim-

85 2570 295 2652 plicissimum
316 2572 376 2634 erit
393 2572 504 2653 stetui,
531 2574 677 2651 putribus
697 2577 817 2634 voeatis
838 2591 901 2634 non
923 2572 1067 2635 dativum
1089 2590 1176 2640 osse.
1202 2573 1259 2635 sed
1275 2574 1337 2637 ab·

87 2678 220 2742 latinum
245 2678 432 2741 absolutum.
454 2679 602 2760 Denique
624 2687 758 2742 senutus
781 2669 896 2742 dicitur
915 2680 1009 2741 etium
1032 2686 1122 2759 puter
1143 2679 1204 2760 IX,
1227 2679 1308 2743 449:

335 2789 562 2868 Imperiumque
580 2797 699 2868 puter
720 2790 886 2851 Romanus
908 2788 1041 2849 babebit.

664 2991 699 3081 p.
724 2995 772 3057 15.

617 3127 676 3181 De
700 3124 827 3181 curia.

174 3269 247 3350 Quo
268 3280 404 3335 senatus
427 3271 593 3334 Romanus
615 3272 854 3333 convocabatur
875 3269 1037 3347 aedilicio,
1070 3271 1158 3335 curio
1178 3272 1339 3352 appellata

88 3389 151 3444 est.
194 3381 384 3443 Nominatur
406 3380 494 3443 curie
517 3380 579 3461 XI,
602 3376 685 3441 380:

173 3489 242 3552 Sea
259 3507 324 3550 unu
346 3488 531 3566 replendust
551 3491 642 3548 curia
662 3488 775 3547 verbis.

90 3616 186 3678 quum
207 3599 238 3659 in
260 3597 354 3658 tectis
376 3595 475 3677 regiis
497 3611 573 3656 esse
596 3594 656 3674 XI,
679 3594 749 3656 236.
771 3594 917 3660 vidimus.
959 3594 1071 3656 'l'alem
1093 3593 1188 3656 etism
1211 3593 1338 3656 descri-

89 3707 135 3767 bit
160 3712 257 3787 pootu
285 3706 318 3786 l,
353 3703 426 3765 505.
452 3705 602 3785 templum
631 3704 780 3785 Iunonis,
818 3704 934 3785 quippe
960 3721 1022 3784 quo
1050 3704 1143 3786 leges
1175 3700 1340 3766 allidone

92 3810 206 3873 dentur
228 3812 382 3894 variaque
404 3811 490 3873 urbis
515 3809 700 3873 condendae
723 3829 818 3890 opera
840 3808 1080 3875 distribuantur:

177 3920 257 3982 Tum
274 3922 400 4001 foribus
422 3920 521 3990 dieue,
555 3918 657 3978 medio
678 3918 836 3979 testudine
856 3917 974 3996 templi,

173 4027 295 4108 Saepta
319 4029 420 4089 armis
440 4027 582 4106 solioque
602 4026 667 4086 ulte
686 4027 842 4106 subnixu,
875 4027 994 4086 recedit

177 4137 259 4197 Iura
282 4136 377 4196 debut
397 4135 545 4213 leuesque
564 4137 655 4213 ciria,
688 4151 884 4213 operumque
904 4134 1042 4197 lotorem

177 4243 329 4304 Portibus
351 4242 508 4320 aequabat
527 4243 623 4301 {uem
644 4246 702 4301 cut
720 4245 806 4303 sorte
827 4242 984 4303 trahebat.

93 4348 161 4413 Sed
182 4369 223 4411 ne
244 4350 411 4430 miremur,
443 4351 594 4431 templum
614 4348 663 4410 his
683 4349 822 4432 negotiis
849 4350 982 4432 publicis
1002 4352 1184 4415 consecrari
1206 4353 1259 4412 vel
1265 4395 1277 4431 ,
1310 4361 1344 4413 ut

92 4478 153 4523 nos
174 4459 409 4541 putaverimus,
435 4455 612 4539 profanari,
641 4455 897 4537 meminerimus,
926 4455 1012 4536 quod
1033 4457 1108 4539 Vll,
1134 4456 1200 4518 1⁷3.
1220 4457 1342 4544 eudem,

94 4584 179 4650 quse
201 4566 291 4650 regia
311 4565 427 4641 hutini,
452 4563 602 4645 templum
623 4563 692 4627 Pici
713 4572 748 4625 et
768 4567 841 4645 ipsa
862 4564 904 4625 sit
925 4564 1025 4630 curiae

177 4673 242 4738 Hie
262 4678 394 4754 sceptra
413 4676 559 4750 accepere
580 4677 613 4732 et
629 4675 750 4749 primos
772 4672 915 4733 attollere
933 4675 1045 4752 fasces

179 4781 321 4860 moues
341 4798 432 4843 umeu
452 4785 533 4859 mut,
563 4779 624 4841 boc
645 4778 711 4840 illio
733 4782 847 4840 curia
867 4778 1026 4856 templium.
