3022 5234
527 228 584 289 De
605 224 736 287 lorica
758 245 803 286 ao
825 225 998 291 tlroraoe.
1212 258 1218 268 ·
1339 235 1383 297 63

140 413 168 472 in
191 410 318 472 irestern
338 409 435 472 erecti
454 419 541 488 sunt,
556 408 718 470 stantibus
738 408 839 489 cquis,
862 411 976 490 partim
993 430 1035 473 ex
1056 414 1137 493 ipsis
1158 413 1263 495 equIs,
1271 417 1386 496 partim

139 519 326 580 desilientes
349 519 628 596 immiscentesque
649 533 687 576 se
708 513 869 595 peditibus
896 519 1113 600 pugnabauto
1143 521 1305 602 XXXIX,
1326 523 1385 589 31:

139 626 338 706 r’Coactique
360 634 435 687 sunt
452 624 589 687 Romani
609 624 737 703 equites
758 622 956 686 descendere
979 646 1021 688 ex
1042 629 1163 707 equine
1194 631 1319 694 Caesar
1340 634 1378 694 B.

140 737 222 802 Gall.
246 738 309 816 IV,
328 737 358 801 Ω.
381 735 421 796 de
444 734 565 796 Suavis
593 742 716 794 narrat:
741 733 1113 815 oEqncstribnsprociiis
1126 757 1227 819 saepe
1236 759 1278 802 ex
1291 744 1387 822 equis

138 846 285 909 desiliunt
306 825 346 907 ac
368 843 502 924 pedibus
520 841 728 922 proeliantur,
750 860 915 924 equesque
937 844 1050 905 eodem
1063 865 1229 909 remanere
1243 851 1383 931 vestigio

137 953 373 1034 adsuefaciunt,
397 951 438 1015 ad
460 971 540 1032 quos
562 971 600 1013 se
622 952 781 1031 celeriter,
805 969 902 1033 quum
924 971 1004 1014 rasus
1027 962 1090 1034 est,
1113 956 1301 1036 recipiunt«
1332 958 1382 1022 CI·

140 1060 199 1142 IV,
225 1060 273 1123 12.

205 1191 371 1256 Celeritnti
385 1190 426 1255 iili
448 1201 481 1253 et
500 1191 721 1254 exercitationi
737 1193 901 1274 Aenvll,
914 1191 983 1258 lea.
995 1201 1191 1257 memoratae
1210 1154 1381 1276 compares

136 1304 318 1385 aptissime,
354 1320 450 1384 quam
478 1298 538 1362 sibi
566 1302 645 1383 ipsis
673 1301 800 1364 landem
822 1303 1027 1365 consciscunt
1048 1304 1127 1366 Itala
1148 1304 1298 1365 iuventus
1318 1304 1380 1384 IX,
1485 1337 1488 1341 ·

134 1407 339 1484 §tib-618,
361 1426 443 1489 qnos
464 1408 575 1470 lectori
596 1426 712 1469 versus
731 1409 889 1490 legendas
912 1408 1123 1490 relinquimus
1161 1410 1246 1475 Huic
1266 1413 1382 1474 iuven-

137 1519 193 1578 tuti
214 1515 296 1578 606:

215 1624 360 1685 Flectere
379 1624 476 1684 moos
498 1642 595 1702 equos
616 1631 648 1684 et
667 1626 791 1702 spiculo
812 1628 940 1686 tendere
960 1646 1068 1688 eornm

135 1757 227 1839 Apud
251 1755 407 1818 Didonem
429 1775 507 1816 vcro
531 1752 561 1816 in
584 1757 747 1820 oIvItatem
770 1761 908 1843 segnitie
930 1761 1053 1842 inlapsa
1073 1761 1133 1842 IV,
1154 1761 1212 1824 Sd:

216 1866 294 1928 Non
314 1870 441 1942 coeptae
461 1865 645 1942 odsorynnt
664 1872 781 1943 torreo,
804 1887 869 1929 non
890 1890 981 1930 orrno
999 1875 1147 1933 euoenon

215 1977 371 2036 Eneroet.

133 2102 223 2182 Opus
252 2119 332 2162 vero
360 2110 445 2185 erat,
483 2110 532 2182 ut,
565 2103 617 2183 qui
644 2122 700 2184 pro
729 2104 830 2183 patria
859 2101 1018 2185 stipendia
1045 2104 1185 2190 laceret,
1220 2105 1378 2189 ingenuus

131 2215 227 2270 natus
249 2213 355 2285 esset;
382 2205 540 2270 deservo
563 2211 616 2271 vel
638 2227 735 2271 servo
758 2218 850 2272 natus
871 2231 932 2272 non
949 2212 1051 2292 potuit
1069 2230 1156 2274 arma
1172 2212 1255 2275 ferre
1262 2230 1271 2293 3
1295 2213 1378 2276 unde

131 2321 325 2381 IIelenorem
345 2319 404 2403 IX,
417 2318 488 2380 547.
509 2325 613 2381 vetitis
633 2325 733 2381 armis
759 2319 914 2382 militasse
936 2328 1052 2382 narrat.
1101 2316 1282 2383 Nobiliores
1309 2320 1378 2383 viro

129 2427 160 2488 in
173 2447 207 2488 re
228 2426 351 2487 militari
370 2427 503 2508 probato
525 2426 731 2507 addebantur,
754 2433 790 2487 ut
810 2428 958 2487 virtutem
977 2437 1009 2487 et
1027 2424 1235 2489 obedientiam
1257 2426 1377 2491 edoce-

132 2550 249 2596 rentur.
283 2531 362 2594 Inde
383 2529 535 2594 Evander
556 2531 735 2593 Pallantem
754 2533 886 2593 Aeneae
909 2528 1003 2592 tradit
1024 2528 1116 2603 VIII,
1139 2530 1220 2594 514:

213 2665 312 2727 Hono
332 2668 389 2726 tibi
405 2672 582 2744 praetereo,
606 2685 681 2743 epea
702 2672 737 2726 et
753 2665 873 2727 solacio
893 2667 1008 2744 nostri,

212 2779 366 2840 Pallante
387 2780 578 2856 ontinenam
601 2779 659 2838 aad
684 2784 714 2837 tc
734 2777 874 2838 tolerare
893 2779 1046 2853 mopo‘otro
1080 2853 1088 2866 ι

211 2886 362 2947 Militiam
384 2895 416 2947 et
431 2908 531 2964 prone
551 2888 673 2948 Mortis
687 2907 781 2968 opos,
803 2893 859 2947 too
880 2903 1008 2970 aarum
1025 2885 1113 2964 facto

216 2995 405 3069 Adoocsont,
426 3000 541 3075 primis
562 3003 595 3058 et
613 3003 645 3057 to
664 2999 797 3058 miretur
815 2995 854 3056 od
875 2997 979 3055 aomo.

705 3258 740 3348 ς.
762 3262 815 3327 ao.

507 3421 566 3475 lie
584 3421 717 3476 lor-lea
733 3432 783 3475 ae
799 3421 982 3476 thorace.

212 3604 310 3685 Apud
331 3603 505 3667 Homerum
527 3605 642 3687 triplex
663 3616 714 3669 cst
734 3607 873 3688 pectoris
895 3605 1040 3690 terquuc
1069 3603 1099 3666 in
1129 3600 1247 3686 pugnis
1267 3602 1375 3665 vesti·

130 3721 270 3774 mentum
292 3731 331 3775 ao
352 3714 594 3795 monimentum3
616 3700 734 3800 θώραξ
755 3718 838 3779 euim
862 3716 916 3776 vel
938 3700 1103 3785 στάδιος
1132 3721 1184 3774 cst
1209 3697 1374 3794 γυάλοισιν

128 3807 270 3903 ἀρηρώς,
293 3805 424 3901 γυάλοις
446 3816 718 3906 συνηρμοσμέτος,
739 3822 794 3884 vel
814 3806 1024 3906 στρεπτός
1044 3821 1135 3901 isque
1163 3804 1373 3894 ἀλυσιδωτός,

129 3926 158 3987 si
179 3928 366 3991 annulorum
388 3931 510 3994 eatenis
530 3943 581 3994 est
602 3935 815 4014 constrictus,
838 3917 1091 4007 attentionis,
1118 3914 1315 4016 potionata,
1344 3927 1372 3988 si

129 4035 272 4114 squamis
294 4044 345 4097 est
366 4045 543 4120 consertus,
557 4039 612 4108 vel
632 4022 828 4123 λινόθωρρξ,
837 4036 1040 4116 debilioribus
1063 4052 1250 4098 concessus.
1272 4035 1373 4098 Uter-

130 4162 192 4225 que
212 4145 348 4224 priorum
372 4165 446 4209 aere
468 4165 595 4228 semper
626 4155 763 4211 constat.
806 4145 934 4228 Duplex
956 4153 1077 4207 tantum
1100 4143 1184 4225 apud
1206 4143 1371 4206 Romanos

128 4260 198 4314 erat
219 4254 330 4318 forma.
352 4252 508 4333 Quamvis
529 4237 778 4317 enim'l'olomrrii
791 4255 999 4339 Etruseorum
1020 4253 1106 4337 regis
1129 4251 1369 4314 thoraxlinteus

128 4361 201 4422 Liv.
222 4361 284 4439 IV,
308 4361 372 4437 20,
393 4361 585 4424 Samnitium
619 4363 661 4438 X,
685 4359 735 4424 38.
770 4361 853 4443 legio
874 4361 1005 4426 linteata
1025 4370 1234 4438 memoretur,
1256 4375 1276 4420 a
1296 4356 1369 4418 Ro-

128 4472 234 4531 manis
261 4464 368 4531 tamen
399 4469 440 4531 ad
469 4467 605 4532 Galbam
640 4478 672 4532 et
693 4468 893 4533 Carneadem
913 4486 1019 4553 nsque
1047 4487 1109 4531 non
1134 4474 1185 4528 est
1206 4463 1367 4542 adoptata.

126 4577 374 4658 Distinguuutnr
395 4576 597 4658 potissimum
621 4574 777 4639 loricae
799 4577 1051 4659 thoracesque
1074 4575 1166 4650 (Irin.
1176 4569 1369 4654 XblI,61.).

127 4685 196 4746 Iam
219 4683 325 4746 Varro
346 4684 384 4744 Io.
406 4685 445 4746 Io.
466 4684 508 4750 V.
529 4689 557 4758 S.
582 4684 656 4747 lto:
679 4685 813 4749 oborica
835 4685 918 4767 qnod
939 4704 959 4746 e
980 4684 1057 4747 loris
1087 4681 1128 4743 de
1156 4681 1255 4744 corio·
1272 4679 1368 4744 orudn
1445 4760 1449 4765 .

129 4791 306 4872 pectorate
326 4791 501 4856 faciebant:
522 4799 638 4874 postea
658 4793 795 4857 subcidit
817 4790 942 4857 Gallica
969 4809 988 4852 e
1010 4791 1093 4852 ferro
1120 4789 1182 4852 snb
1210 4788 1242 4851 id
1260 4806 1367 4852 voca·
