3022 5234
182 250 245 312 736
696 250 752 309 De
773 248 931 330 nuptiis.

186 431 269 494 Aen.
294 431 371 508 v11,
384 430 480 494 423:

263 541 338 601 Res
358 541 414 600 titt
433 543 611 616 coemptum
634 547 666 599 et
683 543 845 618 quaesitos
865 543 1023 615 sanquine
1045 543 1162 601 dotas

264 646 418 723 Abuepat,
441 654 664 727 aeternusque·
679 652 714 707 in
735 664 868 722 requam
889 649 1177 726 quaestuariam.

183 763 241 844 tx,
261 759 342 823 ⁷37:

434 869 510 929 Non
532 868 611 927 haee
633 870 782 928 dotalis
805 872 894 945 repis
916 868 1062 930 Amatae.

183 980 241 1052 XI,
264 978 344 1040 ³69:
426 1032 429 1036 .
655 1039 657 1043 ,

428 1059 474 1119 lot
494 1060 525 1117 oi
543 1059 619 1117 odeo
641 1058 793 1118 dotalia
814 1063 903 1135 rapio
925 1061 1055 1120 roraret.

184 1169 273 1230 Unus
296 1175 348 1227 est
369 1166 468 1241 Iocus,
490 1165 550 1246 qui,
573 1185 667 1245 quum
690 1166 846 1246 virginem
868 1167 969 1247 ipsam
991 1166 1094 1229 dotari
1116 1168 1287 1251 significet,
1308 1169 1349 1232 de
1367 1168 1427 1233 do·

182 1278 307 1338 notione
331 1282 456 1354 propter
484 1276 611 1352 nuptias
632 1271 760 1334 videtur
781 1291 855 1333 esse
878 1273 1094 1354 accipiendus,
1118 1276 1195 1357 vu,
1217 1274 1293 1342 ³182

262 1381 429 1458 Ssuperior
456 1380 588 1441 Troiano
609 1386 642 1439 et
660 1379 779 1441 Bratulo
799 1381 957 1453 delabere,
981 1384 1078 1458 otrpo.

187 1486 280 1566 Quod
311 1487 452 1548 imitatus
473 1504 548 1546 esse
570 1485 694 1546 videtur
716 1485 852 1548 Ovidius
873 1488 1007 1548 Metam.
1030 1488 1224 1568 xt11‚523:

268 1599 322 1673 At,
342 1604 429 1676 puto,
452 1594 618 1656 funeribus
640 1591 803 1673 dotabere,
826 1596 915 1676 regite
938 1599 1041 1676 virgo.
1093 1606 1096 1611 ’

184 1706 291 1767 Patris
312 1722 390 1764 vem
413 1721 491 1784 erga
512 1702 627 1763 liberos
649 1709 795 1781 potestas
816 1706 899 1766 nulle
921 1709 1095 1768 eonstrIota
1117 1716 1185 1769 erat
1200 1708 1285 1789 apud
1301 1708 1425 1772 Roma-

183 1833 242 1877 nos
265 1814 349 1897 Iege,
374 1812 457 1874 unde
480 1812 631 1873 Metabus
653 1812 818 1876 Camillam
843 1815 965 1877 Dianae
984 1825 1168 1878 sacraturus
1192 1833 1262 1878 oum
1284 1819 1319 1880 vi
1341 1835 1428 1901 qua-

184 1928 254 1992 darn
270 1929 345 1992 iuris
366 1926 518 2004 xr,558:

265 2037 340 2112 Ipse
358 2041 450 2111 poter
467 2034 624 2113 famulum
646 2053 747 2093 voveo.

183 2144 236 2204 ubi
259 2142 410 2206 Servius:
435 2143 542 2202 »Bene
562 2146 632 2218 Ipse
650 2148 755 2221 pater,
788 2140 859 2218 quia
881 2140 1068 2202 auctorandi
1089 2149 1281 2220 potestatem
1303 2141 1425 2204 nonnisi

182 2261 290 2336 patres
310 2251 455 2311 habenta<
498 2251 570 2312 Huc
593 2247 727 2330 denique
749 2249 886 2328 pertinet
906 2248 1020 2329 Eelog.
1042 2250 1068 2326 1,
1087 2231 1147 2314 33':

262 2363 332 2423 Ner
353 2381 427 2438 apes
449 2359 602 2420 libertatis
624 2366 702 2435 erut,
724 2378 782 2419 nee
804 2378 883 2418 euru
902 2358 1021 2437 penui.

182 2486 343 2549 Peculium
366 2503 459 2573 quum
483 2484 536 2544 vel
565 2481 698 2543 filiorum
728 2481 781 2541 veI
810 2497 977 2541 servorum
1004 2479 1065 2559 sit,
1107 2481 1179 2540 sine
1210 2477 1305 2539 dubio
1337 2477 1425 2540 Ver-

181 2592 276 2675 gilius
296 2592 327 2655 h.
349 2593 368 2653 l.
391 2592 481 2672 fingit
503 2607 633 2651 servum
655 2595 815 2669 pastorem
837 2587 891 2648 vel
912 2585 1071 2661 villicum,
1109 2584 1192 2666 quod
1222 2585 1425 2650 confirmatur

180 2717 278 2760 versu
301 2697 357 2762 41:

345 2825 459 2903 Neque
479 2828 606 2884 servitio
627 2843 676 2883 ma
696 2826 789 2883 exire
810 2823 929 2887 traebat.

181 2953 229 3013 'I'u
260 2951 353 3034 legas
384 2953 591 3034 DIgestorum
623 2953 696 3014 XV.
726 2954 772 3014 tit
807 2953 833 3016 1.
866 2952 907 3014 de
934 2952 1078 3034 peculio,
1111 2949 1423 3033 animadvertosque,

180 3079 278 3122 versu
300 3061 463 3142 superiore
484 3061 763 3123 manumissionem
786 3079 912 3142 quoque
933 3061 1027 3124 innui.
1076 3060 1196 3122 Peoulii
1230 3078 1310 3123 vero
1340 3059 1425 3142 apud

180 3169 342 3250 Plautum,
378 3170 429 3250 qui
453 3172 551 3232 multa
573 3190 614 3230 ex
635 3171 744 3232 intimo
766 3175 835 3232 iure
863 3169 990 3232 condita
1019 3169 1133 3250 habet,
1165 3170 1428 3252 frequentissima

178 3282 316 3344 introitur
337 3280 453 3342 menno
475 3299 507 3343 v.
528 3298 556 3361 g.
581 3280 668 3341 Asu.
691 3282 731 3361 u,
754 3278 785 3362 a,
811 3266 858 3341 11‘.
901 3281 942 3358 u,
971 3280 1004 3362 4,
1032 3280 1083 3346 or.
1125 3281 1183 3359 ur,
1208 3281 1236 3356 1,
1256 3277 1307 3347 ³7.
1350 3278 1425 3343 Aut.

179 3387 354 3466 111‚4,7.
397 3386 489 3468 Capt.
512 3387 555 3467 V,
577 3384 613 3463 3,
635 3388 664 3449 5.
708 3388 760 3469 V,
790 3387 828 3470 4,
861 3387 907 3451 ta
928 3385 979 3450 ³1.
1024 3387 1134 3450 Casio.
1157 3388 1202 3464 II,
1222 3385 1337 3468 ΜΒ.
1380 3387 1423 3466 u,

179 3497 213 3576 3,
236 3495 288 3561 to.
1012 3511 1033 3523 ·’

754 3695 789 3785 §.
810 3701 860 3764 rr.

677 3858 736 3912 lte
752 3855 925 3925 nuptus

260 4031 496 4094 Matrimonium
531 4037 638 4090 noster
672 4027 809 4090 maxime
845 4027 1096 4108 hymenaeorum
1132 4044 1216 4089 voee
1247 4026 1422 4110 signifieat,

177 4140 360 4220 iustumque
392 4135 467 4198 itlud
504 4157 522 4198 e
553 4137 696 4199 Romano
717 4153 815 4196 sensu
837 4133 898 4216 IV,
927 4135 977 4196 99.
1003 4142 1116 4213 pactos
1143 4134 1347 4214 Hymenaeon
1378 4136 1423 4219 X,

177 4249 247 4312 649.
273 4253 386 4326 pactos
415 4246 573 4305 thalamos
608 4248 755 4307 nominat.
811 4244 872 4305 Est
907 4243 991 4306 enim
1022 4243 1169 4324 pontione
1202 4239 1339 4326 quodam
1370 4245 1424 4306 vol

176 4354 349 4438 sponsione
369 4370 458 4433 opus.
502 4350 702 4432 Quapropter
729 4370 808 4412 uxor
837 4351 979 4432 legitima
1004 4351 1059 4413 vel
1076 4357 1174 4430 paeto
1194 4353 1318 4415 aonios
1339 4348 1423 4415 sim·

177 4464 299 4545 pliciter
316 4468 413 4539 poeta
433 4458 618 4539 appeltatur.
660 4457 711 4520 ct.
735 4459 777 4535 X,
797 4457 855 4524 792

259 4568 346 4646 oeta
363 4587 490 4630 soceros
511 4569 614 4645 tepere
635 4575 668 4627 et
683 4570 815 4645 premiis
836 4568 1060 4645 obdurerepa
1073 4573 1174 4630 etas.

180 4679 223 4762 Χ,
245 4677 324 4742 ⁷22:
1237 4654 1242 4669 ’

257 4789 460 4865 Purpureum
479 4788 588 4862 pinnis
610 4789 642 4843 et
657 4787 801 4859 poetae
823 4787 1015 4862 coniugiis
1037 4791 1132 4848 ostro.
